2806 4808
643 404 679 462 11

206 567 312 633 Finita
335 568 394 632 hac
418 569 604 649 quaestione
629 589 709 634 rrurrc
727 572 840 650 decis,
865 591 999 653 quarum
1015 579 1209 654 argumenta

112 676 188 736 tota
212 673 243 735 in
267 672 467 738 defendendo
492 675 624 738 canendi
648 694 764 756 genere
788 681 978 756 versantur,
1012 678 1123 759 elegiis
1146 697 1208 758 po-

114 777 245 841 tissima
285 775 497 843 delibabimus
508 799 520 856 3·
554 784 651 860 atque
681 781 817 861 primum
855 781 895 846 de
927 782 974 846 eis
1013 781 1209 848 carminibus

115 900 268 962 agemus,
300 880 414 963 quibus
438 889 534 964 poeta
565 885 698 949 amicis
730 884 992 950 dissuadentibus
1022 887 1209 969 apicumque

115 1005 249 1052 carmen
271 991 308 1051 ut
331 987 467 1066 condat,
491 987 730 1069 impellentibus
753 989 942 1071 respondet,
967 991 982 1056 Ι
1007 996 1024 1052 7
1049 996 1083 1054 et
1108 997 1143 1071 93
1176 990 1210 1055 II

125 1089 349 1169 13111341).

208 1195 224 1260 Ι
258 1202 276 1259 7
314 1196 503 1276 Propertius
532 1197 699 1262 Ponticum
730 1199 882 1276 amicum,
914 1202 1043 1279 poetam
1074 1199 1208 1279 epicum,

117 1301 175 1382 qui
199 1300 339 1381 elegiaco
361 1303 471 1381 generi
494 1300 656 1366 scribendi
679 1301 935 1380 obtrectaverat,
967 1302 1134 1379 admonet,
1167 1320 1207 1366 ne

117 1404 225 1470 fretus
248 1405 388 1470 carmine
411 1406 501 1487 epico
523 1407 557 1470 in
580 1426 688 1472 amore
705 1425 740 1472 se
756 1405 974 1488 proiecturum
991 1425 1063 1470 esse
1080 1410 1207 1487 speret3

118 1511 180 1574 19
214 1509 356 1575 eiusdem
399 1511 537 1575 amantis
567 1510 727 1575 inscitiam
760 1515 857 1591 atque
886 1511 1035 1574 inertiam
1067 1510 1209 1588 deridet3

119 1614 154 1678 II
180 1619 194 1677 1
230 1613 428 1694 Maecenati,
460 1615 514 1696 qui
544 1633 615 1680 eum
644 1615 684 1680 ad
707 1615 851 1680 canenda
874 1616 1016 1679 carmina
1039 1615 1129 1696 opica
1153 1614 1208 1680 ad-

118 1717 270 1784 hortatus
294 1723 374 1799 erat,
397 1738 461 1784 non
483 1720 630 1784 idoneam
654 1725 757 1784 artem
781 1738 872 1784 suam
896 1738 966 1785 esse
990 1719 1031 1784 ad
1053 1719 1110 1784 illa
1129 1737 1207 1800 pan-

119 1823 237 1906 genda,
260 1824 451 1905 respondet;
486 1825 535 1888 111
561 1823 630 1889 aab
654 1824 790 1905 denique
814 1824 911 1906 (quod
936 1843 1064 1888 carmen
1087 1823 1209 1905 primus

118 1928 255 2010 Dilthey
285 1928 361 2011 Cyd.
385 1948 415 2009 p.
441 1934 458 1992 2
489 1948 518 1992 n.
545 1933 562 1992 2
593 1928 667 1993 inde
699 1947 718 1993 a
748 1947 843 1993 versu
875 1933 914 1993 23
947 1928 1126 2009 separavit;
1166 1927 1205 1994 cl.

119 2033 307 2098 Heimreich
330 2039 454 2114 quaest.
477 2033 581 2117 Prop.,
614 2033 745 2098 Bonnae
770 2038 863 2111 1863,
887 2052 917 2113 p.
942 2037 983 2096 46
1008 2050 1094 2113 sqq.;
1129 2031 1206 2096 Rib-

119 2137 205 2203 beck
236 2137 377 2219 prolegg.
409 2137 441 2200 in
470 2137 665 2219 Vergilium,
702 2137 832 2218 Lipsiae
865 2141 958 2216 1866,
989 2157 1019 2218 p.
1045 2142 1085 2201 57
1117 2156 1147 2200 n.
1173 2135 1206 2218 2)

118 2244 251 2324 Lynceo
270 2243 312 2308 ad
334 2242 558 2308 insinuandum
581 2243 613 2306 in
636 2243 814 2324 puellarum
837 2241 980 2306 favorem
999 2241 1119 2324 elegias
1136 2246 1207 2306 tan-

119 2354 193 2412 tum
215 2347 337 2424 valere,
374 2345 583 2411 demonstrat.
631 2345 718 2422 Quae
751 2347 893 2412 carmina
925 2348 1001 2428 quin
1031 2346 1137 2411 omnia
1169 2364 1207 2410 en

119 2453 225 2534 ipsius
246 2456 362 2532 poetae
385 2451 452 2514 vita
475 2449 634 2530 fluxerint,
657 2469 749 2516 nemo
775 2457 835 2530 est,
859 2453 912 2532 qui
936 2452 1071 2531 dubitet,
1096 2470 1206 2532 quam-

120 2574 221 2638 quam
242 2556 339 2620 simili
367 2555 462 2620 modo
493 2555 548 2620 alii
578 2573 702 2636 quoque
732 2561 848 2637 poetae
876 2558 1010 2621 Romani
1039 2576 1097 2637 pro
1129 2557 1208 2620 scri·

118 2661 219 2726 bendi
242 2678 358 2743 genere
382 2679 439 2724 suo
461 2665 752 2741 propugnaverunt.
802 2661 846 2725 Et
868 2661 997 2742 ineptae
1020 2679 1097 2726 sane
1120 2660 1206 2726 futu-

117 2786 180 2832 rae
202 2765 339 2831 fuissent
361 2763 573 2830 refutationes
597 2766 798 2845 opinionum,
836 2784 915 2846 quas
945 2783 1037 2829 nemo
1051 2838 1055 2846 ,
1068 2783 1207 2846 unquam

118 2872 330 2954 protulisset,
363 2871 563 2951 maximeque
592 2871 620 2935 si
642 2870 716 2935 illas
739 2868 779 2935 ab
803 2871 850 2935 eis
873 2871 984 2936 amicis
1007 2870 1208 2952 pronuntiari
1242 2929 1246 2936 .

117 2977 267 3042 finxisset
289 2981 403 3058 poeta,
436 2994 516 3056 quos
546 2980 679 3056 excepto
709 2975 834 3056 Lynceo
862 3013 905 3022 —-
936 2975 988 3040 hic
1019 2975 1103 3039 enim
1137 2974 1208 3057 quis

117 3083 221 3148 fuerit
242 3082 385 3146 nescitur
409 3117 450 3126 -
472 3098 507 3143 re
530 3098 607 3144 vera
628 3080 745 3144 vixisse
764 3080 915 3160 aequales
929 3079 1108 3160 Propertio,
1133 3097 1206 3143 con·

118 3192 199 3255 stat.
245 3186 385 3268 Operam
406 3186 505 3267 igitur
529 3192 625 3265 atque
648 3184 752 3249 oleum
775 3185 999 3265 perderemus,
1030 3185 1058 3250 si
1087 3183 1207 3248 diutius

117 3293 160 3358 de
183 3291 297 3356 horum
320 3291 493 3355 carminum
518 3290 622 3354 causis
646 3307 881 3369 quaereremus.

208 3395 308 3460 Paulo
330 3392 461 3460 uberius
485 3393 715 3474 disputandum
738 3394 801 3458 erit
824 3395 863 3459 de
885 3395 951 3460 illis
974 3395 1099 3477 elegiis,
1124 3411 1205 3475 quae

118 3501 231 3566 deum
253 3498 437 3580 quendam
462 3498 687 3578 apparuisse
711 3503 807 3579 atque
829 3503 945 3580 poetae
966 3499 1146 3577 mandasse,
1169 3502 1207 3564 ut

116 3605 151 3670 in
177 3604 317 3686 elegiaco
341 3604 480 3669 carmine
502 3608 661 3684 pergeret,
685 3601 827 3685 fingunt.-

207 3709 277 3774 Iam
299 3709 441 3774 Hesiodo
464 3709 575 3774 Musas
599 3726 634 3773 se
663 3707 819 3776 obtulisse
848 3713 1050 3791 mentemque
1082 3709 1123 3776 ad
1153 3729 1204 3776 ca-

115 3814 258 3881 nendum
290 3813 492 3892 incitavisse,
531 3817 642 3878 notum
673 3817 724 3878 est
755 3812 875 3895 (theog.
901 3817 940 3877 26
966 3814 1060 3897 sqq).
1117 3816 1205 3880 Inter

116 3917 253 3986 serioris
276 3916 346 3982 aevi
368 3921 482 3998 poetas
505 3917 584 3982 talia
608 3921 803 3983 commentos
827 3918 955 3984 excellit
979 3919 1203 4000 Callimachus,

118 4086 327 4097 -·-,..-.—-

114 4193 249 4244 πατεοῦσιν
276 4189 381 4260 ductum
414 4190 537 4260 „orbita“
566 4205 611 4260 ap.
630 4193 698 4248 Stat.
719 4193 824 4248 si17.H
849 4196 873 4260 7,
898 4194 930 4247 51
955 4200 982 4247 et
1000 4192 1081 4262 Verg.
1101 4209 1141 4263 ge.
1162 4195 1202 4248 ΠΙ

115 4283 187 4349 293;
221 4279 349 4347 ,semita“
381 4296 425 4348 ap.
446 4280 528 4348 Prop.
549 4281 565 4333 l.
585 4298 623 4350 c.;
656 4282 758 4337 Jacobs
778 4282 812 4336 ad
832 4281 1027 4336 Callimachum
1046 4283 1120 4336 anth.
1142 4282 1202 4338 Pal.

115 4367 156 4423 tx
176 4369 238 4423 565.
