<?xml version="1.0" encoding="UTF-8"?>
<!DOCTYPE html PUBLIC "-//W3C//DTD XHTML 1.0 Transitional//EN"
    "http://www.w3.org/TR/xhtml1/DTD/xhtml1-transitional.dtd">
<html xmlns="http://www.w3.org/1999/xhtml" xml:lang="en" lang="en">
 <head>
  <title>
</title>
<meta http-equiv="Content-Type" content="text/html;charset=utf-8" />
  <meta name='ocr-system' content='tesseract 3.04.00' />
  <meta name='ocr-capabilities' content='ocr_page ocr_carea ocr_par ocr_line ocrx_word'/>
</head>
<body>
  <div class='ocr_page' id='page_1' title='image "./qvaestionesprop00mallgoog_0038.png"; bbox 0 0 2806 4808; ppageno 0'>
   <div class='ocr_carea' id='block_1_1' title="bbox 644 409 684 469">
    <p class='ocr_par' dir='ltr' id='par_1_1' title="bbox 644 409 684 469">
     <span class='ocr_line' id='line_1_1' title="bbox 644 409 684 469; baseline -0.05 0"><span class='ocrx_word' id='word_1_1' title='bbox 644 409 684 469; x_wconf 80' lang='lat'>27</span> 
     </span>
    </p>
   </div>
   <div class='ocr_carea' id='block_1_2' title="bbox 84 569 1200 4134">
    <p class='ocr_par' dir='ltr' id='par_1_2' title="bbox 208 569 963 663">
     <span class='ocr_line' id='line_1_2' title="bbox 208 569 963 663; baseline 0.003 -25"><span class='ocrx_word' id='word_1_2' title='bbox 208 575 374 660; x_wconf 80' lang='grc' dir='ltr'><strong>ἁρπαλέως,</strong></span> <span class='ocrx_word' id='word_1_3' title='bbox 398 573 446 638; x_wconf 81' lang='grc' dir='ltr'>καὶ</span> <span class='ocrx_word' id='word_1_4' title='bbox 469 577 534 640; x_wconf 87' lang='grc' dir='ltr'>τοῖα</span> <span class='ocrx_word' id='word_1_5' title='bbox 557 574 630 661; x_wconf 80' lang='grc' dir='ltr'>μετὰ</span> <span class='ocrx_word' id='word_1_6' title='bbox 654 576 755 663; x_wconf 80' lang='grc' dir='ltr'>φρεσὶν</span> <span class='ocrx_word' id='word_1_7' title='bbox 779 569 843 662; x_wconf 77' lang='grc' dir='ltr'>ᾗσιν</span> <span class='ocrx_word' id='word_1_8' title='bbox 867 575 963 641; x_wconf 81' lang='grc' dir='ltr'>ἔειπεν</span> 
     </span>
    </p>

    <p class='ocr_par' dir='ltr' id='par_1_3' title="bbox 208 680 1059 768">
     <span class='ocr_line' id='line_1_3' title="bbox 208 680 1059 768; baseline 0 -24"><span class='ocrx_word' id='word_1_9' title='bbox 208 681 261 744; x_wconf 72' lang='lat' dir='ltr'>oda</span> <span class='ocrx_word' id='word_1_10' title='bbox 284 681 320 766; x_wconf 79' lang='grc' dir='ltr'>ἂρ</span> <span class='ocrx_word' id='word_1_11' title='bbox 342 682 403 765; x_wconf 67' lang='grc' dir='ltr'>ἐγὼ</span> <span class='ocrx_word' id='word_1_12' title='bbox 427 683 520 768; x_wconf 80' lang='grc' dir='ltr'>μούνη</span> <span class='ocrx_word' id='word_1_13' title='bbox 542 681 619 763; x_wconf 80' lang='grc' dir='ltr'>μετὰ</span> <span class='ocrx_word' id='word_1_14' title='bbox 641 681 777 766; x_wconf 81' lang='grc' dir='ltr'>Λάτμιον</span> <span class='ocrx_word' id='word_1_15' title='bbox 802 680 903 767; x_wconf 76' lang='grc' dir='ltr'>ἄντρον</span> <span class='ocrx_word' id='word_1_16' title='bbox 928 682 1059 760; x_wconf 55' lang='grc' dir='ltr'>ἀλύσνως</span> 
     </span>
    </p>

    <p class='ocr_par' dir='ltr' id='par_1_4' title="bbox 116 784 951 976">
     <span class='ocr_line' id='line_1_4' title="bbox 207 784 951 874; baseline 0.001 -24"><span class='ocrx_word' id='word_1_17' title='bbox 207 787 242 850; x_wconf 89' lang='grc' dir='ltr'>ού</span> <span class='ocrx_word' id='word_1_18' title='bbox 266 789 293 850; x_wconf 78' lang='grc' dir='ltr'>δ’</span> <span class='ocrx_word' id='word_1_19' title='bbox 307 784 353 872; x_wconf 83' lang='grc' dir='ltr'>οἴη</span> <span class='ocrx_word' id='word_1_20' title='bbox 378 790 461 874; x_wconf 81' lang='grc' dir='ltr'>καλῷ</span> <span class='ocrx_word' id='word_1_21' title='bbox 484 788 675 873; x_wconf 80' lang='grc' dir='ltr'>περιδαίομαι</span> <span class='ocrx_word' id='word_1_22' title='bbox 695 785 878 871; x_wconf 79' lang='grc' dir='ltr'>Ἐνδυμίωνι</span> <span class='ocrx_word' id='word_1_23' title='bbox 900 788 951 851; x_wconf 80' lang='grc' dir='ltr'>κτὲ</span> 
     </span>
     <span class='ocr_line' id='line_1_5' title="bbox 116 893 787 976; baseline 0 -18"><span class='ocrx_word' id='word_1_24' title='bbox 116 899 152 959; x_wconf 90' lang='lat' dir='ltr'>et</span> <span class='ocrx_word' id='word_1_25' title='bbox 178 893 328 971; x_wconf 81' lang='lat' dir='ltr'>Qumtnm</span> <span class='ocrx_word' id='word_1_26' title='bbox 352 893 558 976; x_wconf 78' lang='lat' dir='ltr'>Smyrnaeum</span> <span class='ocrx_word' id='word_1_27' title='bbox 580 895 610 959; x_wconf 99' lang='lat' dir='ltr'>X</span> <span class='ocrx_word' id='word_1_28' title='bbox 633 899 696 959; x_wconf 80' lang='lat'>454</span> <span class='ocrx_word' id='word_1_29' title='bbox 720 913 787 976; x_wconf 88' lang='lat' dir='ltr'>sqq.</span> 
     </span>
    </p>

    <p class='ocr_par' dir='ltr' id='par_1_5' title="bbox 204 995 998 1084">
     <span class='ocr_line' id='line_1_6' title="bbox 204 995 998 1084; baseline -0.003 -23"><span class='ocrx_word' id='word_1_30' title='bbox 204 997 256 1082; x_wconf 73' lang='grc' dir='ltr'>τὴν</span> <span class='ocrx_word' id='word_1_31' title='bbox 281 997 314 1060; x_wconf 79' lang='grc' dir='ltr'>δέ</span> <span class='ocrx_word' id='word_1_32' title='bbox 336 1022 393 1060; x_wconf 90' lang='grc' dir='ltr'>ποο</span> <span class='ocrx_word' id='word_1_33' title='bbox 416 999 592 1084; x_wconf 78' lang='grc' dir='ltr'>εἰσορόωσα</span> <span class='ocrx_word' id='word_1_34' title='bbox 606 995 667 1061; x_wconf 85' lang='grc' dir='ltr'>τόθ’</span> <span class='ocrx_word' id='word_1_35' title='bbox 695 998 787 1084; x_wconf 81' lang='grc' dir='ltr'>ύψόθι</span> <span class='ocrx_word' id='word_1_36' title='bbox 809 996 858 1060; x_wconf 81' lang='grc' dir='ltr'>δῖα</span> <span class='ocrx_word' id='word_1_37' title='bbox 881 995 998 1079; x_wconf 76' lang='grc' dir='ltr'>Σελήνη</span> 
     </span>
    </p>

    <p class='ocr_par' dir='ltr' id='par_1_6' title="bbox 207 1100 994 1189">
     <span class='ocr_line' id='line_1_7' title="bbox 207 1100 994 1189; baseline -0.003 -23"><span class='ocrx_word' id='word_1_38' title='bbox 207 1102 381 1188; x_wconf 80' lang='grc' dir='ltr'>μνησαμένη</span> <span class='ocrx_word' id='word_1_39' title='bbox 404 1101 480 1167; x_wconf 83' lang='grc' dir='ltr'>κατὰ</span> <span class='ocrx_word' id='word_1_40' title='bbox 503 1103 597 1189; x_wconf 86' lang='grc' dir='ltr'>θομύν</span> <span class='ocrx_word' id='word_1_41' title='bbox 622 1103 771 1189; x_wconf 79' lang='grc' dir='ltr'>ἀμύμονος</span> <span class='ocrx_word' id='word_1_42' title='bbox 791 1100 994 1187; x_wconf 78' lang='grc' dir='ltr'>Ἐνδυμίωνος</span> 
     </span>
    </p>

    <p class='ocr_par' dir='ltr' id='par_1_7' title="bbox 206 1207 847 1297">
     <span class='ocr_line' id='line_1_8' title="bbox 206 1207 847 1297; baseline -0.008 -22"><span class='ocrx_word' id='word_1_43' title='bbox 206 1209 301 1275; x_wconf 76' lang='grc' dir='ltr'>πολλοὶ</span> <span class='ocrx_word' id='word_1_44' title='bbox 325 1208 389 1297; x_wconf 76' lang='grc' dir='ltr'>μάλ’</span> <span class='ocrx_word' id='word_1_45' title='bbox 418 1209 579 1294; x_wconf 78' lang='grc' dir='ltr'>ἐσσυμένην</span> <span class='ocrx_word' id='word_1_46' title='bbox 603 1207 766 1294; x_wconf 79' lang='grc' dir='ltr'>ὀλοφύρετο</span> <span class='ocrx_word' id='word_1_47' title='bbox 788 1208 847 1271; x_wconf 81' lang='grc' dir='ltr'>κτὲ.</span> 
     </span>
    </p>

    <p class='ocr_par' dir='ltr' id='par_1_8' title="bbox 115 1309 1198 1816">
     <span class='ocr_line' id='line_1_9' title="bbox 115 1309 1198 1406; baseline -0.009 -22"><span class='ocrx_word' id='word_1_48' title='bbox 115 1318 209 1392; x_wconf 83' lang='lat' dir='ltr'>Inter</span> <span class='ocrx_word' id='word_1_49' title='bbox 217 1323 451 1404; x_wconf 62' lang='lat' dir='ltr'>‚„oet‚epfflero</span> <span class='ocrx_word' id='word_1_50' title='bbox 477 1316 717 1406; x_wconf 68' lang='lat' dir='ltr'>deosamantes</span> <span class='ocrx_word' id='word_1_51' title='bbox 737 1309 1071 1396; x_wconf 87' lang='lat' dir='ltr'>appellantBaoohum</span> <span class='ocrx_word' id='word_1_52' title='bbox 1090 1310 1198 1393; x_wconf 90' lang='lat' dir='ltr'>(Prop.</span> 
     </span>
     <span class='ocr_line' id='line_1_10' title="bbox 116 1399 1197 1504; baseline -0.005 -19"><span class='ocrx_word' id='word_1_53' title='bbox 116 1421 163 1486; x_wconf 91' lang='lat' dir='ltr'>IV</span> <span class='ocrx_word' id='word_1_54' title='bbox 200 1422 249 1500; x_wconf 88' lang='grc'>17,</span> <span class='ocrx_word' id='word_1_55' title='bbox 274 1427 291 1486; x_wconf 90' lang='grc'><strong>3</strong></span> <span class='ocrx_word' id='word_1_56' title='bbox 315 1399 634 1504; x_wconf 51' lang='lat' dir='ltr'>somfNeptunum</span> <span class='ocrx_word' id='word_1_57' title='bbox 665 1419 772 1501; x_wconf 88' lang='lat' dir='ltr'>(Prop.</span> <span class='ocrx_word' id='word_1_58' title='bbox 796 1419 844 1482; x_wconf 93' lang='lat' dir='ltr'>III</span> <span class='ocrx_word' id='word_1_59' title='bbox 879 1422 929 1496; x_wconf 85' lang='lat'>26,</span> <span class='ocrx_word' id='word_1_60' title='bbox 954 1421 1015 1487; x_wconf 77' lang='lat'>45:</span> <span class='ocrx_word' id='word_1_61' title='bbox 1050 1414 1105 1480; x_wconf 88' lang='lat' dir='ltr'>Ov.</span> <span class='ocrx_word' id='word_1_62' title='bbox 1130 1415 1197 1480; x_wconf 93' lang='lat' dir='ltr'>her.</span> 
     </span>
     <span class='ocr_line' id='line_1_11' title="bbox 116 1519 1198 1609; baseline -0.006 -18"><span class='ocrx_word' id='word_1_63' title='bbox 116 1526 194 1591; x_wconf 86' lang='lat' dir='ltr'>XIX</span> <span class='ocrx_word' id='word_1_64' title='bbox 230 1526 325 1609; x_wconf 82' lang='grc'><strong>129),</strong></span> <span class='ocrx_word' id='word_1_65' title='bbox 360 1524 585 1607; x_wconf 81' lang='lat' dir='ltr'>Persephonen</span> <span class='ocrx_word' id='word_1_66' title='bbox 620 1523 748 1606; x_wconf 85' lang='lat' dir='ltr'>(Agath.</span> <span class='ocrx_word' id='word_1_67' title='bbox 774 1522 861 1589; x_wconf 88' lang='lat' dir='ltr'>anth.</span> <span class='ocrx_word' id='word_1_68' title='bbox 885 1520 1005 1586; x_wconf 87' lang='lat' dir='ltr'>Pal.V</span> <span class='ocrx_word' id='word_1_69' title='bbox 1042 1524 1121 1599; x_wconf 82' lang='lat'><strong>2893</strong></span> <span class='ocrx_word' id='word_1_70' title='bbox 1159 1519 1198 1584; x_wconf 87' lang='lat' dir='ltr'>oi.</span> 
     </span>
     <span class='ocr_line' id='line_1_12' title="bbox 117 1626 1198 1712; baseline -0.002 -18"><span class='ocrx_word' id='word_1_71' title='bbox 117 1629 176 1695; x_wconf 90' lang='lat' dir='ltr'>Ov.</span> <span class='ocrx_word' id='word_1_72' title='bbox 199 1631 322 1695; x_wconf 86' lang='lat' dir='ltr'>metX</span> <span class='ocrx_word' id='word_1_73' title='bbox 346 1631 411 1712; x_wconf 83' lang='lat'><strong>29),</strong></span> <span class='ocrx_word' id='word_1_74' title='bbox 434 1631 620 1711; x_wconf 88' lang='lat' dir='ltr'>plerumque</span> <span class='ocrx_word' id='word_1_75' title='bbox 643 1630 759 1708; x_wconf 84' lang='lat' dir='ltr'>Iovem,</span> <span class='ocrx_word' id='word_1_76' title='bbox 784 1646 893 1693; x_wconf 90' lang='lat' dir='ltr'>omnes</span> <span class='ocrx_word' id='word_1_77' title='bbox 916 1632 949 1692; x_wconf 91' lang='lat' dir='ltr'>et</span> <span class='ocrx_word' id='word_1_78' title='bbox 971 1627 1059 1707; x_wconf 89' lang='lat' dir='ltr'>ipsos</span> <span class='ocrx_word' id='word_1_79' title='bbox 1081 1626 1198 1692; x_wconf 86' lang='lat' dir='ltr'>amoris</span> 
     </span>
     <span class='ocr_line' id='line_1_13' title="bbox 116 1733 926 1816; baseline -0.004 -16"><span class='ocrx_word' id='word_1_80' title='bbox 116 1734 246 1800; x_wconf 89' lang='lat' dir='ltr'>dolores</span> <span class='ocrx_word' id='word_1_81' title='bbox 269 1753 391 1816; x_wconf 87' lang='lat' dir='ltr'>passos.</span> <span class='ocrx_word' id='word_1_82' title='bbox 439 1735 485 1801; x_wconf 85' lang='lat' dir='ltr'>of.</span> <span class='ocrx_word' id='word_1_83' title='bbox 509 1735 656 1800; x_wconf 91' lang='lat' dir='ltr'>Nonnum</span> <span class='ocrx_word' id='word_1_84' title='bbox 678 1734 770 1799; x_wconf 90' lang='lat' dir='ltr'>Dion.</span> <span class='ocrx_word' id='word_1_85' title='bbox 795 1733 841 1798; x_wconf 92' lang='lat' dir='ltr'>XI</span> <span class='ocrx_word' id='word_1_86' title='bbox 866 1738 926 1798; x_wconf 82' lang='lat'>315</span> 
     </span>
    </p>

    <p class='ocr_par' dir='ltr' id='par_1_9' title="bbox 115 1835 1195 2026">
     <span class='ocr_line' id='line_1_14' title="bbox 207 1835 1195 1925; baseline -0.003 -23"><span class='ocrx_word' id='word_1_87' title='bbox 207 1839 266 1902; x_wconf 97' lang='grc' dir='ltr'>Ζεῦ</span> <span class='ocrx_word' id='word_1_88' title='bbox 288 1837 389 1924; x_wconf 82' lang='grc' dir='ltr'>πάτερ,</span> <span class='ocrx_word' id='word_1_89' title='bbox 414 1839 439 1902; x_wconf 86' lang='grc' dir='ltr'>εἰ</span> <span class='ocrx_word' id='word_1_90' title='bbox 462 1839 572 1925; x_wconf 82' lang='grc' dir='ltr'>φιλέεις</span> <span class='ocrx_word' id='word_1_91' title='bbox 597 1864 642 1925; x_wconf 84' lang='grc' dir='ltr'>με,</span> <span class='ocrx_word' id='word_1_92' title='bbox 666 1837 715 1902; x_wconf 82' lang='grc' dir='ltr'>καὶ</span> <span class='ocrx_word' id='word_1_93' title='bbox 739 1839 764 1901; x_wconf 88' lang='grc' dir='ltr'>εἰ</span> <span class='ocrx_word' id='word_1_94' title='bbox 787 1839 874 1902; x_wconf 86' lang='grc' dir='ltr'>πόνον</span> <span class='ocrx_word' id='word_1_95' title='bbox 894 1835 976 1908; x_wconf 82' lang='grc' dir='ltr'>οἶδας</span> <span class='ocrx_word' id='word_1_96' title='bbox 995 1837 1113 1921; x_wconf 84' lang='grc' dir='ltr'>ἐρώτων</span> <span class='ocrx_word' id='word_1_97' title='bbox 1136 1837 1195 1900; x_wconf 86' lang='grc' dir='ltr'>κτὲ.</span> 
     </span>
     <span class='ocr_line' id='line_1_15' title="bbox 115 1944 1093 2026; baseline -0.002 -15"><span class='ocrx_word' id='word_1_98' title='bbox 115 1946 168 2011; x_wconf 85' lang='lat' dir='ltr'>Ex</span> <span class='ocrx_word' id='word_1_99' title='bbox 190 1945 415 2011; x_wconf 85' lang='lat' dir='ltr'>Alexandrinis</span> <span class='ocrx_word' id='word_1_100' title='bbox 436 1947 541 2026; x_wconf 82' lang='lat' dir='ltr'>poetIs</span> <span class='ocrx_word' id='word_1_101' title='bbox 563 1945 635 2012; x_wconf 86' lang='lat' dir='ltr'>vide</span> <span class='ocrx_word' id='word_1_102' title='bbox 659 1944 865 2011; x_wconf 82' lang='lat' dir='ltr'>Theocritum</span> <span class='ocrx_word' id='word_1_103' title='bbox 886 1945 928 2011; x_wconf 93' lang='lat' dir='ltr'>id.</span> <span class='ocrx_word' id='word_1_104' title='bbox 952 1945 1030 2010; x_wconf 87' lang='lat' dir='ltr'>VIII</span> <span class='ocrx_word' id='word_1_105' title='bbox 1052 1950 1093 2010; x_wconf 83' lang='lat'>60</span> 
     </span>
    </p>

    <p class='ocr_par' dir='ltr' id='par_1_10' title="bbox 716 2046 996 2134">
     <span class='ocr_line' id='line_1_16' title="bbox 716 2046 996 2134; baseline 0.004 -23"><span class='ocrx_word' id='word_1_106' title='bbox 716 2046 854 2134; x_wconf 80' lang='grc' dir='ltr'>ὦπάτερ</span> <span class='ocrx_word' id='word_1_107' title='bbox 877 2050 902 2111; x_wconf 83' lang='grc' dir='ltr'><strong>ὧ</strong></span> <span class='ocrx_word' id='word_1_108' title='bbox 926 2048 996 2130; x_wconf 79' lang='grc' dir='ltr'>Ζεῦ,</span> 
     </span>
    </p>

    <p class='ocr_par' dir='ltr' id='par_1_11' title="bbox 206 2151 902 2240">
     <span class='ocr_line' id='line_1_17' title="bbox 206 2151 902 2240; baseline 0.001 -22"><span class='ocrx_word' id='word_1_109' title='bbox 206 2155 240 2218; x_wconf 86' lang='grc' dir='ltr'>ού</span> <span class='ocrx_word' id='word_1_110' title='bbox 264 2156 351 2240; x_wconf 84' lang='grc' dir='ltr'>μόνος</span> <span class='ocrx_word' id='word_1_111' title='bbox 373 2151 530 2238; x_wconf 80' lang='grc' dir='ltr'>ἠράσθην·</span> <span class='ocrx_word' id='word_1_112' title='bbox 554 2151 603 2216; x_wconf 83' lang='grc' dir='ltr'>καλ</span> <span class='ocrx_word' id='word_1_113' title='bbox 626 2152 659 2216; x_wconf 86' lang='grc' dir='ltr'>τύ</span> <span class='ocrx_word' id='word_1_114' title='bbox 682 2154 902 2240; x_wconf 74' lang='grc' dir='ltr'>γοναικοιρίλας.</span> 
     </span>
    </p>

    <p class='ocr_par' dir='ltr' id='par_1_12' title="bbox 119 2260 1039 2452">
     <span class='ocr_line' id='line_1_18' title="bbox 119 2260 1039 2344; baseline -0.004 -15"><span class='ocrx_word' id='word_1_115' title='bbox 119 2261 349 2330; x_wconf 86' lang='lat' dir='ltr'>Callimaohmn</span> <span class='ocrx_word' id='word_1_116' title='bbox 374 2260 460 2326; x_wconf 84' lang='lat' dir='ltr'>anth.</span> <span class='ocrx_word' id='word_1_117' title='bbox 484 2260 550 2326; x_wconf 93' lang='lat' dir='ltr'>Pal.</span> <span class='ocrx_word' id='word_1_118' title='bbox 574 2261 636 2325; x_wconf 92' lang='lat' dir='ltr'>XII</span> <span class='ocrx_word' id='word_1_119' title='bbox 660 2265 722 2326; x_wconf 83' lang='lat'>230</span> <span class='ocrx_word' id='word_1_120' title='bbox 746 2261 810 2343; x_wconf 89' lang='lat' dir='ltr'>(ep.</span> <span class='ocrx_word' id='word_1_121' title='bbox 833 2262 909 2327; x_wconf 91' lang='lat' dir='ltr'>LIII</span> <span class='ocrx_word' id='word_1_122' title='bbox 931 2260 1039 2344; x_wconf 86' lang='lat' dir='ltr'>Sehn.)</span> 
     </span>
     <span class='ocr_line' id='line_1_19' title="bbox 782 2365 993 2452; baseline 0 -23"><span class='ocrx_word' id='word_1_123' title='bbox 782 2365 900 2452; x_wconf 86' lang='grc' dir='ltr'>ούράνιε</span> <span class='ocrx_word' id='word_1_124' title='bbox 924 2365 993 2448; x_wconf 78' lang='grc' dir='ltr'>Ζεῦ,</span> 
     </span>
    </p>

    <p class='ocr_par' dir='ltr' id='par_1_13' title="bbox 115 2467 927 2657">
     <span class='ocr_line' id='line_1_20' title="bbox 206 2467 927 2558; baseline 0.007 -27"><span class='ocrx_word' id='word_1_125' title='bbox 206 2468 256 2532; x_wconf 80' lang='grc' dir='ltr'>καὶ</span> <span class='ocrx_word' id='word_1_126' title='bbox 279 2468 314 2531; x_wconf 93' lang='grc' dir='ltr'>σύ</span> <span class='ocrx_word' id='word_1_127' title='bbox 336 2467 398 2534; x_wconf 79' lang='grc' dir='ltr'>ποτ’</span> <span class='ocrx_word' id='word_1_128' title='bbox 425 2469 581 2556; x_wconf 75' lang='grc' dir='ltr'>ἠράσθης·</span> <span class='ocrx_word' id='word_1_129' title='bbox 605 2471 703 2536; x_wconf 83' lang='grc' dir='ltr'>οὐκέτι</span> <span class='ocrx_word' id='word_1_130' title='bbox 726 2471 825 2558; x_wconf 81' lang='grc' dir='ltr'>μακρά</span> <span class='ocrx_word' id='word_1_131' title='bbox 848 2473 927 2556; x_wconf 79' lang='grc' dir='ltr'>λέγω</span> 
     </span>
     <span class='ocr_line' id='line_1_21' title="bbox 115 2575 679 2657; baseline 0.005 -16"><span class='ocrx_word' id='word_1_132' title='bbox 115 2575 341 2657; x_wconf 79' lang='lat' dir='ltr'>Asclepiadem</span> <span class='ocrx_word' id='word_1_133' title='bbox 364 2576 450 2643; x_wconf 88' lang='lat' dir='ltr'>anth.</span> <span class='ocrx_word' id='word_1_134' title='bbox 475 2578 542 2643; x_wconf 91' lang='lat' dir='ltr'>Pal.</span> <span class='ocrx_word' id='word_1_135' title='bbox 566 2578 595 2644; x_wconf 89' lang='lat' dir='ltr'>V</span> <span class='ocrx_word' id='word_1_136' title='bbox 620 2583 679 2644; x_wconf 83' lang='lat'>167</span> 
     </span>
    </p>

    <p class='ocr_par' dir='ltr' id='par_1_14' title="bbox 719 2682 992 2770">
     <span class='ocr_line' id='line_1_22' title="bbox 719 2682 992 2770; baseline 0.007 -24"><span class='ocrx_word' id='word_1_137' title='bbox 719 2682 790 2770; x_wconf 78' lang='grc' dir='ltr'>ἄχρι</span> <span class='ocrx_word' id='word_1_138' title='bbox 812 2684 897 2756; x_wconf 86' lang='grc' dir='ltr'>τίνος.</span> <span class='ocrx_word' id='word_1_139' title='bbox 922 2684 992 2767; x_wconf 73' lang='grc' dir='ltr'>Ζεῦ,</span> 
     </span>
    </p>

    <p class='ocr_par' dir='ltr' id='par_1_15' title="bbox 115 2784 1200 3183">
     <span class='ocr_line' id='line_1_23' title="bbox 207 2784 896 2874; baseline 0.006 -26"><span class='ocrx_word' id='word_1_140' title='bbox 207 2784 267 2848; x_wconf 89' lang='grc' dir='ltr'>Ζεῦ</span> <span class='ocrx_word' id='word_1_141' title='bbox 291 2786 376 2871; x_wconf 82' lang='grc' dir='ltr'>φίλε;</span> <span class='ocrx_word' id='word_1_142' title='bbox 401 2787 535 2870; x_wconf 74' lang='grc' dir='ltr'>σιγησω·</span> <span class='ocrx_word' id='word_1_143' title='bbox 561 2785 668 2858; x_wconf 84' lang='grc' dir='ltr'>καύτύς</span> <span class='ocrx_word' id='word_1_144' title='bbox 691 2787 760 2873; x_wconf 80' lang='grc' dir='ltr'>ἐρᾶν</span> <span class='ocrx_word' id='word_1_145' title='bbox 785 2786 896 2874; x_wconf 84' lang='grc' dir='ltr'>ἔμαθες</span> 
     </span>
     <span class='ocr_line' id='line_1_24' title="bbox 116 2889 1198 2975; baseline 0.003 -19"><span class='ocrx_word' id='word_1_146' title='bbox 116 2893 187 2974; x_wconf 82' lang='lat' dir='ltr'>Ego</span> <span class='ocrx_word' id='word_1_147' title='bbox 211 2911 336 2973; x_wconf 89' lang='lat' dir='ltr'>quoque</span> <span class='ocrx_word' id='word_1_148' title='bbox 359 2889 469 2957; x_wconf 90' lang='lat' dir='ltr'>silebo.</span> <span class='ocrx_word' id='word_1_149' title='bbox 516 2890 644 2956; x_wconf 87' lang='lat' dir='ltr'>Utinam</span> <span class='ocrx_word' id='word_1_150' title='bbox 675 2911 801 2975; x_wconf 88' lang='lat' dir='ltr'>semper</span> <span class='ocrx_word' id='word_1_151' title='bbox 821 2893 913 2960; x_wconf 85' lang='lat' dir='ltr'>noble</span> <span class='ocrx_word' id='word_1_152' title='bbox 935 2900 1002 2961; x_wconf 88' lang='lat' dir='ltr'>tam</span> <span class='ocrx_word' id='word_1_153' title='bbox 1027 2894 1124 2960; x_wconf 88' lang='lat' dir='ltr'>certis</span> <span class='ocrx_word' id='word_1_154' title='bbox 1146 2915 1198 2960; x_wconf 87' lang='lat' dir='ltr'>ve-</span> 
     </span>
     <span class='ocr_line' id='line_1_25' title="bbox 118 2995 1200 3079; baseline 0.001 -17"><span class='ocrx_word' id='word_1_155' title='bbox 118 2997 225 3079; x_wconf 86' lang='lat' dir='ltr'>stigiis</span> <span class='ocrx_word' id='word_1_156' title='bbox 255 2997 288 3061; x_wconf 93' lang='lat' dir='ltr'>in</span> <span class='ocrx_word' id='word_1_157' title='bbox 317 2995 507 3078; x_wconf 82' lang='lat' dir='ltr'>indagandis</span> <span class='ocrx_word' id='word_1_158' title='bbox 529 2997 690 3078; x_wconf 80' lang='lat' dir='ltr'>Propertii</span> <span class='ocrx_word' id='word_1_159' title='bbox 721 2999 951 3064; x_wconf 89' lang='lat' dir='ltr'>sententiarum</span> <span class='ocrx_word' id='word_1_160' title='bbox 981 2996 1122 3064; x_wconf 87' lang='lat' dir='ltr'>lontibus</span> <span class='ocrx_word' id='word_1_161' title='bbox 1152 3000 1200 3065; x_wconf 89' lang='lat' dir='ltr'>uti</span> 
     </span>
     <span class='ocr_line' id='line_1_26' title="bbox 115 3100 874 3183; baseline 0.001 -17"><span class='ocrx_word' id='word_1_162' title='bbox 115 3102 248 3167; x_wconf 82' lang='lat' dir='ltr'>liceret!</span> <span class='ocrx_word' id='word_1_163' title='bbox 294 3100 341 3166; x_wconf 79' lang='lat' dir='ltr'>Of.</span> <span class='ocrx_word' id='word_1_164' title='bbox 366 3101 463 3166; x_wconf 90' lang='lat' dir='ltr'>etiam</span> <span class='ocrx_word' id='word_1_165' title='bbox 485 3102 627 3183; x_wconf 84' lang='lat' dir='ltr'>Longum</span> <span class='ocrx_word' id='word_1_166' title='bbox 650 3102 682 3167; x_wconf 96' lang='grc' dir='ltr'>ΙΙ</span> <span class='ocrx_word' id='word_1_167' title='bbox 706 3108 734 3181; x_wconf 85' lang='grc'>7,</span> <span class='ocrx_word' id='word_1_168' title='bbox 759 3106 776 3167; x_wconf 90' lang='grc'><strong>6</strong></span> <span class='ocrx_word' id='word_1_169' title='bbox 801 3103 841 3169; x_wconf 89' lang='lat' dir='ltr'>al.</span> <span class='ocrx_word' id='word_1_170' title='bbox 870 3113 874 3122; x_wconf 86' lang='grc'><em>“</em></span> 
     </span>
    </p>

    <p class='ocr_par' dir='ltr' id='par_1_16' title="bbox 117 3205 1198 3482">
     <span class='ocr_line' id='line_1_27' title="bbox 206 3205 1198 3288; baseline 0.003 -18"><span class='ocrx_word' id='word_1_171' title='bbox 206 3205 402 3287; x_wconf 82' lang='lat' dir='ltr'>Quamquam</span> <span class='ocrx_word' id='word_1_172' title='bbox 417 3205 503 3271; x_wconf 87' lang='lat' dir='ltr'>haud</span> <span class='ocrx_word' id='word_1_173' title='bbox 519 3207 623 3272; x_wconf 88' lang='lat' dir='ltr'>rarius</span> <span class='ocrx_word' id='word_1_174' title='bbox 640 3211 755 3288; x_wconf 90' lang='lat' dir='ltr'>poetae</span> <span class='ocrx_word' id='word_1_175' title='bbox 771 3207 888 3286; x_wconf 88' lang='lat' dir='ltr'>Latini,</span> <span class='ocrx_word' id='word_1_176' title='bbox 913 3207 1071 3273; x_wconf 89' lang='lat' dir='ltr'>amanti</span> <span class='ocrx_word' id='word_1_177' title='bbox 1095 3226 1198 3274; x_wconf 89' lang='lat' dir='ltr'>ama·</span> 
     </span>
     <span class='ocr_line' id='line_1_28' title="bbox 119 3312 1196 3393; baseline 0.002 -16"><span class='ocrx_word' id='word_1_178' title='bbox 119 3317 202 3377; x_wconf 88' lang='lat' dir='ltr'>tam</span> <span class='ocrx_word' id='word_1_179' title='bbox 223 3329 438 3393; x_wconf 88' lang='lat' dir='ltr'>personam</span> <span class='ocrx_word' id='word_1_180' title='bbox 461 3312 591 3377; x_wconf 88' lang='lat' dir='ltr'>solam</span> <span class='ocrx_word' id='word_1_181' title='bbox 612 3312 814 3377; x_wconf 87' lang='lat' dir='ltr'>medicari</span> <span class='ocrx_word' id='word_1_182' title='bbox 837 3331 976 3393; x_wconf 87' lang='lat' dir='ltr'>posse,</span> <span class='ocrx_word' id='word_1_183' title='bbox 1000 3318 1196 3379; x_wconf 87' lang='lat' dir='ltr'>asseverant.</span> 
     </span>
     <span class='ocr_line' id='line_1_29' title="bbox 117 3414 499 3482; baseline -0.008 -1"><span class='ocrx_word' id='word_1_184' title='bbox 117 3415 166 3482; x_wconf 84' lang='lat' dir='ltr'>of.</span> <span class='ocrx_word' id='word_1_185' title='bbox 191 3414 247 3480; x_wconf 85' lang='lat' dir='ltr'>Ov.</span> <span class='ocrx_word' id='word_1_186' title='bbox 271 3420 345 3480; x_wconf 84' lang='lat' dir='ltr'>met.</span> <span class='ocrx_word' id='word_1_187' title='bbox 370 3415 415 3480; x_wconf 95' lang='lat' dir='ltr'>IX</span> <span class='ocrx_word' id='word_1_188' title='bbox 440 3420 499 3479; x_wconf 81' lang='lat'>547</span> 
     </span>
    </p>

    <p class='ocr_par' dir='ltr' id='par_1_17' title="bbox 84 3519 1027 3692">
     <span class='ocr_line' id='line_1_30' title="bbox 204 3519 1027 3602; baseline -0.002 -16"><span class='ocrx_word' id='word_1_189' title='bbox 204 3526 240 3587; x_wconf 92' lang='lat' dir='ltr'>tu</span> <span class='ocrx_word' id='word_1_190' title='bbox 263 3538 391 3586; x_wconf 86' lang='lat' dir='ltr'>servare</span> <span class='ocrx_word' id='word_1_191' title='bbox 414 3525 517 3602; x_wconf 88' lang='lat' dir='ltr'>potes,</span> <span class='ocrx_word' id='word_1_192' title='bbox 540 3524 576 3584; x_wconf 89' lang='lat' dir='ltr'>tu</span> <span class='ocrx_word' id='word_1_193' title='bbox 598 3519 734 3601; x_wconf 88' lang='lat' dir='ltr'>perdere</span> <span class='ocrx_word' id='word_1_194' title='bbox 757 3520 845 3587; x_wconf 87' lang='lat' dir='ltr'>solus</span> <span class='ocrx_word' id='word_1_195' title='bbox 868 3525 1027 3586; x_wconf 88' lang='lat' dir='ltr'>amantem</span> 
     </span>
     <span class='ocr_line' id='line_1_31' title="bbox 84 3625 422 3692; baseline -0.003 0"><span class='ocrx_word' id='word_1_196' title='bbox 84 3673 88 3680; x_wconf 83' lang='lat'><em>-</em></span> <span class='ocrx_word' id='word_1_197' title='bbox 114 3626 244 3692; x_wconf 87' lang='lat' dir='ltr'>Lueret.</span> <span class='ocrx_word' id='word_1_198' title='bbox 269 3625 314 3691; x_wconf 90' lang='lat' dir='ltr'>IV</span> <span class='ocrx_word' id='word_1_199' title='bbox 339 3630 422 3691; x_wconf 86' lang='grc'><strong>1078</strong></span> 
     </span>
    </p>

    <p class='ocr_par' dir='ltr' id='par_1_18' title="bbox 113 3731 1198 4030">
     <span class='ocr_line' id='line_1_32' title="bbox 206 3731 1078 3818; baseline 0.007 -24"><span class='ocrx_word' id='word_1_200' title='bbox 206 3749 341 3811; x_wconf 87' lang='lat' dir='ltr'>namque</span> <span class='ocrx_word' id='word_1_201' title='bbox 366 3731 398 3794; x_wconf 96' lang='lat' dir='ltr'>in</span> <span class='ocrx_word' id='word_1_202' title='bbox 421 3748 458 3795; x_wconf 90' lang='lat' dir='ltr'>eo</span> <span class='ocrx_word' id='word_1_203' title='bbox 481 3749 556 3812; x_wconf 88' lang='lat' dir='ltr'>spes</span> <span class='ocrx_word' id='word_1_204' title='bbox 580 3737 639 3810; x_wconf 88' lang='lat' dir='ltr'>est,</span> <span class='ocrx_word' id='word_1_205' title='bbox 663 3731 746 3797; x_wconf 91' lang='lat' dir='ltr'>unde</span> <span class='ocrx_word' id='word_1_206' title='bbox 770 3738 820 3798; x_wconf 88' lang='lat' dir='ltr'>est</span> <span class='ocrx_word' id='word_1_207' title='bbox 843 3734 968 3801; x_wconf 90' lang='lat' dir='ltr'>ardoris</span> <span class='ocrx_word' id='word_1_208' title='bbox 991 3736 1078 3818; x_wconf 83' lang='lat' dir='ltr'>origo</span> 
     </span>
     <span class='ocr_line' id='line_1_33' title="bbox 116 3834 1198 3923; baseline 0.009 -22"><span class='ocrx_word' id='word_1_209' title='bbox 116 3834 156 3902; x_wconf 87' lang='lat' dir='ltr'>of.</span> <span class='ocrx_word' id='word_1_210' title='bbox 179 3835 272 3918; x_wconf 84' lang='lat' dir='ltr'>Apul.</span> <span class='ocrx_word' id='word_1_211' title='bbox 296 3839 371 3900; x_wconf 90' lang='lat' dir='ltr'>met.</span> <span class='ocrx_word' id='word_1_212' title='bbox 395 3835 424 3899; x_wconf 94' lang='lat' dir='ltr'>X</span> <span class='ocrx_word' id='word_1_213' title='bbox 449 3839 467 3900; x_wconf 84' lang='lat'><strong>3</strong></span> <span class='ocrx_word' id='word_1_214' title='bbox 499 3855 617 3920; x_wconf 83' lang='lat' dir='ltr'>„eausa</span> <span class='ocrx_word' id='word_1_215' title='bbox 643 3838 744 3903; x_wconf 90' lang='lat' dir='ltr'>omnis</span> <span class='ocrx_word' id='word_1_216' title='bbox 772 3843 806 3903; x_wconf 90' lang='lat' dir='ltr'>et</span> <span class='ocrx_word' id='word_1_217' title='bbox 829 3841 917 3923; x_wconf 85' lang='lat' dir='ltr'>origo</span> <span class='ocrx_word' id='word_1_218' title='bbox 939 3843 1119 3923; x_wconf 89' lang='lat' dir='ltr'>praesentis</span> <span class='ocrx_word' id='word_1_219' title='bbox 1142 3843 1198 3910; x_wconf 94' lang='lat' dir='ltr'>do·</span> 
     </span>
     <span class='ocr_line' id='line_1_34' title="bbox 113 3935 983 4030; baseline 0.01 -26"><span class='ocrx_word' id='word_1_220' title='bbox 113 3939 194 4006; x_wconf 87' lang='lat' dir='ltr'>loris</span> <span class='ocrx_word' id='word_1_221' title='bbox 217 3935 312 4022; x_wconf 74' lang='lat' dir='ltr'>atque</span> <span class='ocrx_word' id='word_1_222' title='bbox 335 3939 433 4006; x_wconf 86' lang='lat' dir='ltr'>etiam</span> <span class='ocrx_word' id='word_1_223' title='bbox 455 3942 581 4007; x_wconf 89' lang='lat' dir='ltr'>medela</span> <span class='ocrx_word' id='word_1_224' title='bbox 603 3943 674 4024; x_wconf 89' lang='lat' dir='ltr'>ipsa</span> <span class='ocrx_word' id='word_1_225' title='bbox 696 3948 765 4009; x_wconf 88' lang='lat' dir='ltr'>tute</span> <span class='ocrx_word' id='word_1_226' title='bbox 788 3945 857 4026; x_wconf 88' lang='lat' dir='ltr'>ipse</span> <span class='ocrx_word' id='word_1_227' title='bbox 880 3945 983 4030; x_wconf 83' lang='lat' dir='ltr'>es¹).“</span> 
     </span>
    </p>

    <p class='ocr_par' dir='ltr' id='par_1_19' title="bbox 201 4045 1177 4134">
     <span class='ocr_line' id='line_1_35' title="bbox 201 4045 1177 4134; baseline 0.008 -25"><span class='ocrx_word' id='word_1_228' title='bbox 201 4045 297 4126; x_wconf 90' lang='lat' dir='ltr'>idque</span> <span class='ocrx_word' id='word_1_229' title='bbox 320 4045 494 4127; x_wconf 90' lang='lat' dir='ltr'>Telephi</span> <span class='ocrx_word' id='word_1_230' title='bbox 517 4048 661 4129; x_wconf 88' lang='lat' dir='ltr'>exemplo</span> <span class='ocrx_word' id='word_1_231' title='bbox 684 4047 905 4116; x_wconf 86' lang='lat' dir='ltr'>demonstrare</span> <span class='ocrx_word' id='word_1_232' title='bbox 928 4051 1043 4132; x_wconf 87' lang='lat' dir='ltr'>solent,</span> <span class='ocrx_word' id='word_1_233' title='bbox 1067 4051 1120 4134; x_wconf 91' lang='lat' dir='ltr'>qui</span> <span class='ocrx_word' id='word_1_234' title='bbox 1143 4057 1177 4117; x_wconf 90' lang='lat' dir='ltr'>et</span> 
     </span>
    </p>
   </div>
   <div class='ocr_carea' id='block_1_3' title="bbox 124 4167 330 4178">
    <p class='ocr_par' dir='ltr' id='par_1_20' title="bbox 124 4167 330 4178">
     <span class='ocr_line' id='line_1_36' title="bbox 124 4167 330 4178; baseline -0.005 -3"><span class='ocrx_word' id='word_1_235' title='bbox 124 4167 330 4178; x_wconf 54' lang='grc' dir='ltr'>-ι--α-Μ</span> 
     </span>
    </p>
   </div>
   <div class='ocr_carea' id='block_1_4' title="bbox 114 4215 1199 4466">
    <p class='ocr_par' dir='ltr' id='par_1_21' title="bbox 114 4215 1199 4466">
     <span class='ocr_line' id='line_1_37' title="bbox 190 4215 1198 4294; baseline 0.014 -26"><span class='ocrx_word' id='word_1_236' title='bbox 190 4217 215 4288; x_wconf 92' lang='lat' dir='ltr'>l)</span> <span class='ocrx_word' id='word_1_237' title='bbox 234 4215 268 4270; x_wconf 87' lang='lat' dir='ltr'>el.</span> <span class='ocrx_word' id='word_1_238' title='bbox 287 4215 422 4272; x_wconf 82' lang='lat' dir='ltr'>Aristaen.</span> <span class='ocrx_word' id='word_1_239' title='bbox 449 4233 491 4286; x_wconf 91' lang='lat' dir='ltr'>ep.</span> <span class='ocrx_word' id='word_1_240' title='bbox 516 4218 542 4271; x_wconf 94' lang='lat' dir='ltr'>II</span> <span class='ocrx_word' id='word_1_241' title='bbox 573 4223 585 4272; x_wconf 92' lang='lat'>1</span> <span class='ocrx_word' id='word_1_242' title='bbox 611 4236 638 4288; x_wconf 91' lang='lat' dir='ltr'>p.</span> <span class='ocrx_word' id='word_1_243' title='bbox 659 4222 709 4274; x_wconf 86' lang='lat'>129</span> <span class='ocrx_word' id='word_1_244' title='bbox 737 4227 819 4290; x_wconf 85' lang='lat' dir='ltr'>atque</span> <span class='ocrx_word' id='word_1_245' title='bbox 847 4222 1015 4279; x_wconf 86' lang='lat' dir='ltr'>Boissonade</span> <span class='ocrx_word' id='word_1_246' title='bbox 1038 4241 1064 4294; x_wconf 89' lang='lat' dir='ltr'>p.</span> <span class='ocrx_word' id='word_1_247' title='bbox 1087 4229 1139 4282; x_wconf 87' lang='grc'>619</span> <span class='ocrx_word' id='word_1_248' title='bbox 1163 4229 1198 4282; x_wconf 86' lang='lat' dir='ltr'>ad</span> 
     </span>
     <span class='ocr_line' id='line_1_38' title="bbox 118 4305 1199 4387; baseline 0.014 -28"><span class='ocrx_word' id='word_1_249' title='bbox 118 4307 190 4360; x_wconf 90' lang='lat' dir='ltr'>huno</span> <span class='ocrx_word' id='word_1_250' title='bbox 208 4305 311 4377; x_wconf 82' lang='lat' dir='ltr'>loenm3</span> <span class='ocrx_word' id='word_1_251' title='bbox 339 4308 419 4375; x_wconf 89' lang='lat' dir='ltr'>Apul.</span> <span class='ocrx_word' id='word_1_252' title='bbox 439 4312 500 4362; x_wconf 86' lang='lat' dir='ltr'>met.</span> <span class='ocrx_word' id='word_1_253' title='bbox 520 4309 547 4362; x_wconf 94' lang='lat' dir='ltr'>II</span> <span class='ocrx_word' id='word_1_254' title='bbox 572 4313 589 4363; x_wconf 82' lang='lat'><em>8</em></span> <span class='ocrx_word' id='word_1_255' title='bbox 621 4311 726 4378; x_wconf 86' lang='lat' dir='ltr'>„ureris</span> <span class='ocrx_word' id='word_1_256' title='bbox 751 4312 858 4380; x_wconf 89' lang='lat' dir='ltr'>intime,</span> <span class='ocrx_word' id='word_1_257' title='bbox 885 4329 935 4369; x_wconf 88' lang='lat' dir='ltr'>nee</span> <span class='ocrx_word' id='word_1_258' title='bbox 960 4315 1033 4371; x_wconf 85' lang='lat' dir='ltr'>nllus</span> <span class='ocrx_word' id='word_1_259' title='bbox 1060 4317 1199 4387; x_wconf 82' lang='lat' dir='ltr'>extinguet</span> 
     </span>
     <span class='ocr_line' id='line_1_39' title="bbox 114 4395 509 4466; baseline 0.005 -16"><span class='ocrx_word' id='word_1_260' title='bbox 114 4395 241 4451; x_wconf 87' lang='lat' dir='ltr'>ardorem</span> <span class='ocrx_word' id='word_1_261' title='bbox 260 4401 343 4464; x_wconf 90' lang='lat' dir='ltr'>tuum,</span> <span class='ocrx_word' id='word_1_262' title='bbox 362 4396 417 4450; x_wconf 86' lang='lat' dir='ltr'>nisi</span> <span class='ocrx_word' id='word_1_263' title='bbox 435 4399 509 4466; x_wconf 85' lang='lat' dir='ltr'>ego.“</span> 
     </span>
    </p>
   </div>
   <div class='ocr_carea' id='block_1_5' title="bbox 0 0 1408 4808">
    <p class='ocr_par' dir='ltr' id='par_1_22' title="bbox 0 0 1408 4808">
     <span class='ocr_line' id='line_1_40' title="bbox 0 0 1408 4808; baseline 0 0"><span class='ocrx_word' id='word_1_264' title='bbox 0 0 1408 4808; x_wconf 95' lang='lat' dir='ltr'> </span> 
     </span>
    </p>
   </div>
  </div>
 </body>
</html>
