2806 4808
640 383 681 443 37

202 549 365 614 Concedes
387 549 505 634 igitur,
539 550 633 616 facile
658 551 730 616 lieri
751 552 904 634 potuisse,
929 557 964 617 ut
988 553 1040 617 hic
1072 553 1196 618 eisdem

110 652 299 719 auctoribus
323 654 457 720 Graecis
480 660 649 720 uterentur
660 656 848 738 Propertius
872 661 969 738 atque
992 658 1122 742 Paulus,
1149 657 1199 724 cui

109 757 319 824 coniecturae
343 758 440 842 favet,
465 760 549 840 quod
581 779 676 826 voces
702 761 937 827 Callimacheas
959 763 1197 848 indagaverunt

108 861 144 926 in
167 863 228 928 hoc
250 861 343 928 Pauli
366 864 600 948 epigrammate
635 865 747 931 Naeke
771 885 878 948 opusc.
906 866 1015 947 philol.
1039 868 1054 932 l
1076 888 1106 950 p.
1132 873 1196 932 226

110 971 145 1031 et
177 966 355 1032 Schneider
378 968 501 1034 Gallim.
526 970 558 1034 ll
579 989 609 1052 p.
636 975 699 1035 630
722 972 762 1036 al.
809 970 935 1036 Nemini
965 990 1044 1037 sane
1068 971 1199 1038 dubium

111 1089 187 1137 esse
209 1077 329 1155 potest,
353 1073 428 1154 quin
451 1073 483 1137 in
506 1074 556 1140 his
580 1074 775 1141 carminibus
792 1076 980 1158 Propertius
1002 1077 1074 1158 plus
1097 1077 1199 1142 semel

108 1197 235 1243 memor
257 1176 357 1243 fuerit
379 1178 549 1244 veterioris
565 1178 684 1245 Graeci
698 1181 842 1246 auctoris
858 1181 919 1246 loci
937 1181 1080 1248 alicuius.
1126 1181 1199 1248 Huc

107 1282 254 1364 pertinet
276 1280 369 1364 Prop.
394 1282 409 1346 Ι
434 1282 485 1362 13,
512 1287 548 1347 17

203 1391 237 1452 et
260 1404 377 1468 cupere
401 1387 522 1469 optatis
544 1388 683 1453 animam
707 1387 870 1469 deponere
892 1386 1002 1452 labris.

199 1490 439 1557 Existimabam
462 1493 564 1575 onim,
596 1493 705 1558 osculo
729 1493 869 1557 animem
890 1492 1033 1558 transire
1056 1492 1089 1556 in
1112 1511 1200 1557 ama-

109 1604 181 1663 tam
203 1615 395 1679 personam,
428 1596 518 1663 cuius
548 1598 596 1663 rei
631 1597 812 1679 exemplum
843 1598 1045 1664 notissimum
1069 1596 1199 1663 exhibet

110 1702 207 1766 Plato
230 1702 320 1766 anth.
343 1700 412 1766 Pal.
436 1701 465 1765 V
488 1705 529 1766 78

199 1808 252 1891 τήν
275 1805 384 1892 ψυχὴν,
409 1803 564 1889 Ἀγάθωνα
588 1807 692 1890 φιλῶν,
717 1803 764 1868 ἐπὶ
788 1803 919 1888 χείλεσιν
941 1803 1041 1891 ἔσχον·

244 1911 322 1996 ἦλθε
344 1911 401 1996 γὰρ
423 1914 442 1996 ἡ
466 1913 587 1996 τλήμων
609 1914 652 1982 ὡς
676 1911 879 1996 διαβησομένη
889 1907 924 1994 ¹)

200 2017 323 2084 Eodem
345 2015 518 2082 referenda
541 2021 591 2082 est
614 2021 741 2097 catena,
765 2034 828 2096 qua
850 2021 886 2080 ut
909 2016 1107 2099 vinciantur,
1142 2037 1200 2100 op-

110 2128 186 2188 tant
209 2127 374 2204 amantes,
406 2139 565 2202 quamque
589 2118 629 2185 ab
653 2118 794 2184 Homero
818 2118 877 2183 Od.
913 2120 932 2181 s
956 2124 1145 2202 339-342,
1174 2121 1202 2186 si

114 2226 192 2307 quid
216 2226 318 2310 video,
344 2227 547 2307 desumptam
570 2229 807 2306 usurpaverunt
841 2228 874 2289 et
896 2229 1013 2304 poetae
1035 2225 1144 2290 Latini
1168 2231 1201 2292 et

112 2332 232 2397 Graeci
244 2329 280 2414 8).
327 2333 424 2398 Certe
448 2337 561 2414 aperte
583 2332 666 2397 hunc
697 2332 802 2396 locum
831 2329 1037 2396 Homericum
1067 2332 1202 2413 respicit

113 2436 235 2501 Paulus
258 2436 347 2501 anth.
371 2436 486 2501 PalV
510 2440 572 2501 286
596 2455 624 2500 v.
649 2440 667 2499 5
693 2453 740 2516 sq.

200 2541 345 2622 Denique
368 2541 525 2606 suadente
548 2539 699 2622 Diltheyo
722 2539 927 2620 Propertium
956 2538 1005 2603 III
1029 2543 1078 2621 15,
1103 2542 1122 2602 2

242 2646 361 2711 lectule
385 2645 509 2711 deliciis
533 2645 619 2711 facte
641 2643 739 2709 beate
761 2644 852 2725 meis,

111 2751 169 2817 ubi
201 2752 320 2816 lectum
349 2757 467 2816 testem
499 2752 628 2817 invocat
661 2748 856 2830 voluptatiS,
892 2765 987 2829 quam
1018 2765 1058 2812 ex
1088 2765 1197 2812 amore

113 2860 268 2937 ceperat,
301 2854 589 2920 Alexandrinorum
620 2859 790 2936 poetarum
824 2850 964 2936 vestigia
996 2856 1197 2933 prementem

120 3057 325 3067 m·-

112 3189 407 3259 tribulabatur
433 3187 478 3259 R.)
503 3207 527 3243 v.
545 3193 580 3243 80
606 3205 683 3259 sqq.;
711 3190 842 3245 Dracont.
869 3189 921 3244 VH
949 3191 983 3244 39
1010 3205 1085 3258 sqq.;
1113 3189 1200 3244 Marc.

113 3282 261 3348 Argentar.
286 3279 361 3333 anth.
381 3278 439 3332 Pel.
463 3278 489 3332 V
510 3282 574 3348 1283
600 3278 634 3333 cf.
660 3278 749 3332 Plaut.
770 3279 847 3334 Curc.
866 3279 915 3346 13,
935 3281 967 3333 31
988 3295 1046 3350 sqq.
1066 3285 1093 3332 et
1103 3279 1204 3335 Bacch.

113 3369 155 3422 III
185 3371 209 3435 3,
229 3371 263 3422 76
292 3384 365 3441 sqq.;
393 3368 502 3421 Lucret.
528 3367 567 3422 IV
586 3369 655 3422 1185
684 3384 756 3436 sqq.;
781 3368 838 3422 alia
864 3368 925 3422 vide
950 3368 1022 3437 apud
1041 3368 1201 3424 Jacobsium

115 3459 151 3515 ad
171 3458 250 3512 Pauli
270 3474 313 3526 ep.
332 3459 383 3512 VII
401 3464 429 3512 et
447 3457 658 3513 Boissonadium
676 3457 712 3513 ad
730 3457 867 3511 Aristaeo.
887 3473 913 3525 p.
933 3460 986 3512 719
1005 3474 1045 3526 sq.

187 3549 215 3617 2)
234 3546 262 3600 in
281 3547 412 3615 exemplis
431 3545 603 3601 conferendis
621 3547 701 3600 multi
721 3553 784 3601 sunt
795 3545 927 3600 Schedius
946 3546 980 3601 de
998 3547 1041 3603 dis
1051 3547 1203 3618 Germanis,

115 3636 325 3708 (Amstelodami
345 3636 426 3705 1648)
445 3652 471 3704 p.
483 3638 535 3690 319
555 3651 628 3704 sqq.;
647 3635 953 3690 buchenbach-Weiss
973 3637 1152 3692 amoenitates
1171 3637 1202 3691 li·

114 3725 236 3782 terariae
252 3725 385 3794 (Traiecti
406 3725 487 3794 1770)
506 3741 533 3792 p.
553 3727 586 3795 43
604 3725 693 3779 Barth
712 3724 747 3779 ad
769 3723 948 3780 Claudianum
966 3741 992 3793 p.
1012 3727 1080 3796 790;
1099 3723 1203 3781 Grono-

115 3817 177 3871 vius
196 3815 302 3871 observ.
322 3814 447 3885 (Lipsiae
469 3815 548 3884 1831)
574 3831 599 3883 p.
620 3817 687 3884 3043
712 3812 746 3868 cf.
766 3812 935 3868 Boissonade
953 3814 988 3868 ad
1006 3814 1081 3868 auth.
1101 3813 1203 3869 Palu

115 3910 165 3974 78,
184 3905 220 3960 ad
238 3905 376 3960 Aristaen.
395 3920 422 3972 p.
442 3906 502 3958 719,

186 3994 214 4063 3)
233 3993 305 4063 quod
327 3993 497 4048 demonstrat
516 3993 598 4046 etiam
622 3992 745 4047 Platonis
768 3991 797 4045 in
823 3991 946 4046 convivio
967 4006 1037 4058 quae
1056 3991 1202 4060 iuvenitur,

116 4085 198 4139 huius
216 4083 270 4138 loci
288 4082 428 4138 Homerici
446 4082 586 4136 tractatio.
623 4080 702 4135 Hanc
726 4087 851 4136 catenam
876 4087 1066 4135 commemorat
1086 4080 1202 4150 Proper·

117 4175 173 4228 tius
199 4173 239 4226 ΙΠ
259 4174 299 4240 15,
320 4174 362 4240 25,
390 4172 510 4227 fortasse
529 4170 632 4225 Tibulli
660 4170 698 4224 IV
727 4171 752 4239 5,
778 4172 810 4225 15
838 4169 989 4237 exemplum
1019 4177 1143 4241 secutus3
1169 4171 1203 4226 cf.

117 4262 263 4332 Apuleium
288 4269 351 4316 met.
378 4262 404 4314 II
432 4277 491 4329 cap.
512 4262 543 4329 53
570 4259 694 4314 Ovidium
713 4259 914 4329 1116617679,
946 4261 1083 4318 Theodor.
1103 4263 1201 4320 Prodr.

118 4353 134 4405 8
154 4353 205 4404 204
225 4367 280 4421 sq.;
300 4350 333 4404 cf.
354 4351 435 4404 ctiam
454 4349 569 4404 Paulum
588 4349 662 4403 autb.
682 4348 732 4402 Pal
750 4348 776 4402 V
794 4349 847 4404 att
867 4355 935 4404 oxtr.
