2806 4808
604 369 643 429 41

68 537 369 603 Alexandrinorum
390 544 576 620 poetarum,
601 557 679 620 quos
702 557 792 604 mens
815 538 948 619 impleta
971 541 1090 606 artium
1113 539 1159 604 el·

70 641 272 706 iectivarum
295 661 427 723 operum
451 643 721 725 contemplatione
744 661 803 709 sua
826 649 941 725 sponte
964 663 1002 710 eo
1026 645 1165 712 adduce-

70 743 147 828 bat,
173 750 208 812 ut
229 745 382 812 beroinas
406 745 627 814 celeberrimis
639 746 835 833 imaginibus
859 767 1030 830 expressas
1054 756 1087 816 et
1109 769 1166 832 pu·

73 851 164 916 ellas
187 851 273 916 inter
295 869 331 916 se
353 852 547 918 conferrent.
593 851 634 917 cf.
652 852 764 918 Robde
787 853 877 918 Rom.
902 873 932 936 p.
947 859 1006 919 155
1021 873 1067 936 sq.
1114 855 1166 921 Sic

72 956 183 1022 etiam
207 956 340 1023 Obarito
371 957 446 1040 Io,
479 962 497 1022 2
531 958 672 1039 puellam
705 957 788 1023 falso
818 965 978 1025 mortuam
1010 960 1168 1026 creditam

74 1080 155 1128 cum
179 1061 320 1128 Ariadne
344 1061 542 1145 dormiente,
567 1081 663 1144 quam
685 1063 866 1144 sculptores
888 1065 1094 1146 pictoresque
1117 1071 1166 1131 to·

74 1167 170 1233 tiens
193 1172 430 1249 expresserunt,
455 1173 621 1248 comparat
653 1168 803 1230 κατέκειτο
830 1165 1003 1253 Καλλιρρόη
1028 1216 1035 1231 .
1059 1219 1066 1232 .
1091 1218 1097 1232 .
1123 1168 1170 1233 ἐπὶ

74 1270 276 1359 χρυσηλάτου
296 1274 397 1358 κλίνης
415 1273 524 1357 μείζων
542 1298 573 1337 τε
590 1273 641 1336 καί
657 1274 805 1358 κρείττων,
830 1277 907 1338 ὥστε
927 1274 1033 1348 πάντες
1050 1273 1167 1348 εἴκαζον

76 1376 178 1462 αὐτὴν
200 1373 335 1462 Ἀριάδνῃ
358 1378 550 1464 καθευδούσῃ
564 1380 597 1462 ¹).
642 1381 747 1461 Atque
779 1379 821 1446 ad
844 1381 980 1447 eundern
1004 1387 1170 1447 auctorem

78 1483 338 1549 Alexandrinum
370 1481 411 1550 ab
445 1490 581 1566 utroque
611 1490 709 1566 poeta
733 1501 920 1566 expressum
942 1485 1102 1552 deducere
1125 1485 1171 1551 vi·

79 1587 183 1654 detur
204 1588 392 1671 similitudo,
417 1608 500 1670 quae
522 1589 660 1655 interest
682 1589 767 1654 inter
779 1590 940 1671 Propertii
962 1609 1074 1658 versus
1092 1599 1109 1658 5
1124 1610 1171 1673 sq.

174 1711 233 1760 nec
255 1693 362 1760 minus
372 1693 398 1776 a)
421 1693 560 1760 assiduis
582 1693 704 1760 Edonis
727 1692 814 1760 fessa
837 1695 962 1761 choreis

218 1798 323 1881 qualis
346 1800 379 1863 in
401 1798 539 1866 herboso
563 1799 702 1865 concidit
725 1799 872 1881 Apidano

80 1911 118 1970 et
142 1904 249 1972 Ovidii
272 1924 333 1970 am.
358 1906 372 1969 l
399 1910 447 1988 14,
472 1909 509 1969 21
537 1924 583 1986 sq.

175 2015 245 2076 tum
267 2028 392 2091 quoque
409 2015 480 2075 erat
501 2010 651 2094 neglecta
676 2009 803 2092 decens,
826 2014 863 2075 ut
885 2009 1023 2076 Threcia
1044 2011 1172 2077 Bacche

218 2135 290 2181 cum
312 2122 435 2182 temere
458 2116 491 2180 in
514 2116 610 2182 viridi
632 2116 778 2202 gramine
802 2118 890 2182 lassa
912 2116 998 2183 iacet
1022 2117 1044 2200 ).

176 2221 288 2302 Neque
311 2239 387 2287 vero
411 2222 442 2286 in
466 2222 523 2304 eis,
548 2240 630 2302 quae
653 2226 839 2303 sequuntur,
864 2225 1172 2288 auctorumsuorum

84 2330 258 2395 immemor
280 2326 400 2408 fuisse,
432 2326 489 2392 sed
513 2326 620 2407 potius
644 2344 733 2392 more
756 2344 814 2391 suo
837 2343 876 2390 ex
900 2324 1035 2392 Graecis
1058 2324 1173 2391 carmi-

85 2430 184 2498 nibus
199 2431 385 2512 desumptus
402 2431 527 2497 colores
546 2429 579 2494 in
598 2447 689 2495 suam
705 2429 844 2516 elegiam
858 2429 1064 2495 transtulisse
1084 2429 1176 2495 vide-

84 2543 144 2603 tur
158 2535 355 2617 Propertius.
402 2535 540 2600 Maxime
555 2535 616 2600 buc
630 2534 782 2618 pertinet,
805 2553 846 2600 ne
861 2540 1018 2617 repetam,
1042 2553 1125 2615 quae
1143 2534 1175 2600 in

88 2640 331 2708 commentariis
344 2640 425 2706 satis
441 2638 523 2705 bene
546 2645 690 2705 tractata
715 2645 799 2722 sunt,
821 2641 968 2722 primum,
993 2639 1077 2721 quod
1090 2639 1172 2722 Cyn-

87 2747 161 2813 thia
201 2763 236 2812 se
268 2745 371 2812 solam
399 2745 548 2810 relictam
584 2745 722 2810 stamine
744 2750 873 2826 tempus
895 2750 1003 2811 terere
1026 2749 1174 2810 coactam

87 2853 191 2919 fuisse
222 2856 320 2933 atque
351 2855 514 2933 postremo
549 2869 705 2916 sommum
737 2847 895 2915 liberasse
930 2867 965 2914 se
999 2848 1050 2915 bis
1089 2849 1174 2915 curis

90 2954 281 3041 queritur⁴).
327 2953 388 3020 Hic
408 2955 458 3020 vel
472 2954 631 3020 Homerus
646 2954 697 3019 vel
712 2952 828 3035 abquis
840 2953 1015 3019 Homerum
1030 2952 1176 3020 imitatus

89 3065 189 3145 poeta
212 3065 287 3127 ante
311 3059 420 3126 oculos
443 3057 613 3140 Propertio
635 3057 651 3122 f
672 3057 705 3122 't
751 3057 791 3123 cf.
817 3057 876 3122 Od.
901 3081 920 3120 α
944 3062 1005 3124 363
1029 3075 1077 3140 sq.

178 3165 277 3228 κλαῖεν
299 3163 389 3227 ἔπειτ’
409 3161 558 3247 Ὀδυσῆα,
584 3163 668 3247 φίλον
689 3164 784 3242 πόσιν,
809 3162 889 3247 ὄφρα
911 3164 943 3225 οί
961 3161 1049 3225 ὕπνον

222 3267 296 3354 ἡδὺν
321 3267 368 3332 ἐπί
393 3267 568 3354 βλεφάροισι
592 3266 666 3354 βάλε
689 3268 859 3350 γλαυκῶπις
882 3264 1002 3353 Ἀθήνη,

93 3377 135 3443 cf.
162 3374 369 3442 Charitonem
402 3375 418 3438 Ι
443 3379 482 3439 14
517 3379 597 3439 extr.
629 3376 751 3436 τοιαῦτα
773 3373 939 3459 ὀδυρομένῃ
972 3374 1055 3457 μόλις
1088 3370 1176 3441 ὕπνος

90 3481 223 3564 ἐπῆλθεν
247 3478 332 3564 οὐκ-ρ.
378 3478 443 3546 Sed
465 3479 663 3562 Propertius,
687 3479 741 3560 qui
753 3478 915 3546 Summum
938 3478 1015 3544 alis
1030 3493 1178 3558 soporem

90 3589 268 3652 1mm1ttere
288 3585 345 3666 ait,
368 3584 567 3669 singularem
584 3583 657 3649 huic
681 3583 862 3650 sententiae
885 3585 1025 3650 colorem
1047 3581 1175 3648 addidit

99 3725 306 3736 ...-—--—.-...

169 3813 195 3882 1)
213 3812 241 3866 in
250 3812 391 3868 Ariadnen
410 3812 588 3868 dormientem
607 3813 711 3882 scripta
727 3819 790 3868 sunt
806 3814 889 3868 etiam
908 3813 961 3869 duo
980 3813 1179 3883 epigrammata

93 3903 269 3972 anthologiae
283 3901 440 3958 Planudeae
460 3905 510 3957 145
530 3906 637 3958 et146.

164 3992 192 4062 2)
211 3993 350 4062 eleganter
368 3991 497 4048 Heinsius
514 3993 631 4048 coniecit
651 3993 780 4062 „Maenas
799 3994 853 4047 et“.

167 4085 195 4154 3)
213 4089 365 4138 memoratu
384 4083 494 4153 dignum
511 4098 571 4139 esse
590 4082 711 4151 videtur,
741 4082 813 4150 quod
833 4084 940 4151 puellas
966 4089 1048 4152 atque
1077 4099 1178 4152 pueros

95 4189 189 4228 somno
208 4174 302 4241 lapsos
321 4173 438 4228 libenter
457 4188 473 4227 a
493 4171 596 4227 saeculi
615 4172 707 4240 quarti
725 4170 876 4227 artificibus
895 4173 1037 4240 postisque
1056 4173 1179 4241 depictos

94 4277 155 4317 esse
183 4262 379 4318 demonstravit
398 4262 542 4330 Helbigius
560 4261 804 4328 Untersucbungen
822 4276 849 4328 p.
870 4260 919 4314 251
941 4277 999 4329 sqq.

168 4353 196 4423 4)
215 4353 249 4408 ct'.
261 4351 459 4423 descriptiones
470 4351 574 4406 Tibulli
584 4350 596 4404 1
608 4354 634 4420 3,
652 4353 686 4406 83
696 4365 764 4420 sqq,
774 4349 864 4408 Ovidii
881 4351 931 4407 ber
940 4350 1007 4406 XIX
1024 4354 1058 4408 33
1068 4367 1126 4423 sqq.
1143 4355 1177 4408 al.
