2806 4808
755 364 794 423 26

318 528 454 595 Inachus
476 532 508 594 in
531 530 626 596 Melie
649 529 820 613 Bithynide
842 533 983 613 pallidus
1006 535 1071 601 isse

362 638 479 706 dieitur
501 659 567 721 eqo,

233 743 389 812 Nereides
400 747 433 811 in
449 749 529 813 mari
541 749 726 829 periclitans
738 747 924 829 Propertius
943 746 1111 827 appellatI
1129 751 1177 826 17,
1188 751 1228 811 25
1244 765 1317 829 sqq.

318 856 352 917 at
375 871 431 917 vos
454 873 630 936 aequoreae
653 853 793 921 formosa
814 855 934 920 Doride
958 857 1053 917 natae

361 958 497 1023 eandida
519 958 604 1024 felici
627 947 741 1025 solvite
763 960 835 1025 vela
858 959 973 1024 choro:

317 1062 344 1128 si
367 1063 493 1146 quando
516 1070 641 1130 vestras
664 1062 776 1129 labens
799 1065 897 1128 Amor
920 1062 1029 1144 attigit
1053 1062 1164 1142 undas,

359 1170 535 1235 mansuetis
558 1170 643 1234 sooio
666 1170 789 1250 parcite
811 1166 960 1234 litoribus

232 1271 429 1356 Boreamque
452 1275 599 1341 Leander
622 1275 726 1341 Ovidii
748 1296 776 1341 v.
803 1280 842 1340 39
866 1293 912 1356 sq.

317 1378 348 1442 in
373 1397 432 1456 me,
457 1379 484 1444 si
506 1381 621 1460 neseis,
643 1382 756 1460 Borea,
781 1399 843 1444 non
866 1396 1005 1460 aequora
1029 1381 1143 1459 suevia,

358 1483 434 1565 quid
456 1483 590 1566 faceres,
614 1490 702 1551 esset
723 1486 756 1550 ni
780 1484 840 1550 tibi
863 1489 957 1550 notus
981 1485 1093 1549 antor?

230 1591 326 1668 atque
344 1588 449 1653 Solem
473 1595 597 1656 amator
620 1595 744 1655 noctem
765 1594 936 1670 expectans
956 1591 1041 1672 apud
1057 1591 1203 1658 Nonnum
1217 1592 1312 1658 Dion.

229 1692 373 1758 vunai
399 1713 446 1776 sq.

315 1793 430 1879 Ἥέλιε,
454 1799 583 1871 κλονέεις
608 1824 652 1883 με,
676 1797 724 1863 καὶ
747 1801 772 1862 εἰ
796 1798 892 1884 μάδες
915 1797 1028 1886 οἶστρον
1052 1801 1191 1886 ἐρώτων·

317 1904 479 1991 φειδομένῃ
504 1903 623 1990 μάστιγι
644 1907 736 1970 πόθεν
762 1904 870 1994 βραδὺν
893 1903 979 1971 ἵππον
1005 1905 1156 1992 ἱμάσοεις;

230 2004 268 2074 ci.
293 2008 335 2074 ib.
359 2010 448 2075 XLII
471 2016 511 2076 49
535 2031 602 2095 sqq.

314 2111 363 2178 καὶ
388 2113 545 2203 Κλυμένης
568 2119 726 2204 φιλότητος
750 2119 922 2206 ἀναμνήσας
944 2119 1055 2203 πρόμον
1080 2115 1195 2204 ἄστρων

310 2217 433 2286 Ἠέλιον
457 2221 605 2287 λιτάνευεν
629 2223 703 2286 ures

228 2327 372 2410 Denique
394 2329 446 2395 hie
472 2329 677 2396 enumerandi
702 2329 868 2409 suntne,
892 2328 1006 2412 quibus
1022 2331 1143 2398 Lunam
1161 2333 1312 2402 invocant

229 2435 324 2513 atque
353 2433 559 2517 Endymionis
591 2433 876 2501 commonefaciunt
911 2443 1064 2504 amantes.
1123 2440 1205 2507 Vide
1232 2441 1309 2507 Phi·

227 2536 385 2604 lodamum
408 2538 494 2604 anth.
520 2540 587 2605 Pal.
611 2539 641 2605 V
666 2544 726 2604 123

314 2642 441 2728 δλβίζεις
463 2641 513 2706 καὶ
536 2645 624 2728 τήνδε
649 2642 697 2708 καὶ
721 2645 826 2729 ήμέας,
852 2643 929 2726 οἶδα,
953 2645 1090 2734 Σελήνη·

355 2746 403 2812 καὶ
427 2746 483 2834 γὰρ
508 2749 561 2835 σήν
586 2750 684 2836 ψυχήν
709 2747 832 2835 ἔφλεγεν
853 2747 1033 2835 Ἐνδυμίων,

227 2875 321 2940 quem
350 2858 509 2940 expressit
531 2858 662 2924 Nicetas
685 2858 890 2940 Eugenianus
926 2859 1004 2924 VIII
1030 2863 1090 2924 110
1113 2879 1181 2942 sqq.
1194 2858 1236 2944 ¹),
1270 2867 1310 2927 ut

227 2963 289 3028 iarn
312 2963 393 3029 vidit
414 2965 643 3030 Boissonadius
665 2963 681 3028 Ι
702 2982 732 3044 p.
760 2967 831 3028 370.
890 2963 969 3028 Cum
991 2963 1042 3030 his
1064 2964 1201 3030 conferri
1224 2967 1309 3031 solet

227 3067 360 3134 Ovidius
380 3068 447 3134 her.
471 3069 580 3134 XVIII
603 3073 643 3132 59
667 3086 735 3149 sqq.

314 3175 404 3241 Luna
428 3173 494 3240 fore
517 3174 688 3239 tremulum
711 3171 889 3254 praebebat
912 3173 1019 3238 lumen
1042 3175 1141 3254 eunti,

354 3284 392 3345 ut
414 3297 519 3346 comes
541 3280 573 3343 in
596 3284 724 3344 nostras
747 3277 890 3343 officiosa
912 3276 990 3343 vias.

313 3385 395 3452 hano
418 3403 476 3467 ego
494 3384 676 3465 suspiciens
701 3381 840 3466 „faveas
864 3382 925 3447 dea
949 3380 1115 3462 eandida“,
1139 3383 1213 3464 dixi,

358 3495 412 3576 „et
434 3483 570 3557 subeant
593 3489 697 3554 anirno
719 3487 846 3552 Latmia
869 3505 947 3554 saxa
969 3491 1034 3552 tuo.

313 3614 376 3661 non
399 3596 475 3662 sinit
497 3593 674 3676 Endyrnion
697 3598 730 3657 te
752 3593 894 3674 pectoris
917 3610 988 3658 esse
1011 3593 1123 3658 severi.

358 3698 461 3780 flecte,
484 3717 608 3780 precor,
631 3698 739 3764 vultus
762 3697 803 3762 ad
828 3715 899 3762 mea
921 3695 1008 3762 furta
1030 3698 1123 3763 tuos“
1147 3717 1213 3779 θην,

233 3803 316 3870 adde
338 3805 539 3887 Apolloniurn
562 3803 721 3874 Rhodium
743 3803 788 3868 IV
812 3807 851 3867 55
876 3820 943 3884 sqq.

315 3909 474 3994 φοιταλέην
499 3909 640 3972 ἐσιδοῦσα
663 3906 721 3972 θεὰ
744 3908 913 3993 ἐπεχήρατο
937 3903 1028 3990 Μήνη

298 4102 325 4171 1)
345 4117 378 4155 ne
397 4101 552 4156 serissImae
571 4101 678 4169 quidem
690 4099 789 4154 aetatis
808 4098 957 4165 scriptores
977 4097 1094 4152 erotioos
1113 4114 1129 4154 a
1148 4102 1308 4167 quaestione

226 4205 286 4245 mea
304 4207 418 4259 prorsus
437 4191 618 4261 segregandos
638 4205 698 4246 osse
717 4189 877 4255 existimavi,
896 4201 956 4242 oum
974 4187 1122 4243 veteriores
1135 4187 1254 4247 Graecos
1272 4194 1307 4248 ab

228 4281 266 4335 eia
296 4282 429 4349 spoliatos
456 4297 530 4352 esse,
559 4282 606 4350 qui
629 4287 656 4336 et
675 4279 776 4336 Rohdii
795 4279 895 4333 librum
913 4283 939 4331 et
959 4281 1083 4332 suctores
1102 4278 1171 4335 istos
1189 4282 1307 4340 eroticos

227 4369 354 4439 deinceps
372 4371 478 4441 legarit,
496 4373 564 4427 bene
583 4371 659 4427 sciat.
