2806 4808
741 361 781 420 10

219 550 316 611 saepe
339 531 437 596 etiam
459 531 499 610 ei,
522 530 576 611 qni
599 549 660 611 quo
683 531 753 595 iure
776 547 867 594 sunm
889 547 989 610 genus
1012 547 1147 594 novasse
1171 527 1232 594 sibi
1254 531 1303 595 vi·

220 636 371 714 deantur,
394 635 498 700 minus
521 635 707 716 perspicias.
754 633 801 698 Cl.
824 634 919 715 Prop.
944 633 988 698 lV
1014 640 1041 713 l,
1068 639 1107 698 18

305 740 372 819 sed,
395 739 478 821 quod
502 758 581 820 pace
605 740 703 821 legas,
728 757 808 820 opus
831 739 890 804 hoc
913 739 1083 804 demente
1107 757 1253 804 sororum

346 845 464 910 detulit
485 845 608 910 intacta
630 844 748 926 pagina
769 849 882 909 nostra
903 844 955 910 via

218 947 300 1014 Stat.
324 948 392 1013 silv.
415 949 447 1012 ΙΙ
471 954 499 1027 7,
524 953 565 1012 48
589 966 657 1029 sqq.

388 1057 562 1118 nocturnas
585 1053 641 1117 alii
663 1052 823 1134 Phrygum
846 1053 957 1118 ruinas

391 1161 425 1221 et
445 1155 538 1220 tarde
561 1155 688 1220 reducis
711 1156 780 1221 vias
803 1156 907 1222 Ulixis

390 1265 424 1325 et
446 1279 585 1341 puppem
608 1261 812 1325 temerariam
835 1261 1009 1340 Minervae,-

390 1364 469 1430 trita
491 1363 619 1429 vatibus
642 1363 758 1442 orbita,
782 1369 958 1445 sequantur
980 1383 1046 1447 eqs.
1061 1363 1097 1447 ¹),

219 1469 303 1551 quod
327 1468 453 1551 egregie
477 1469 628 1534 admonet
650 1468 689 1533 de
714 1468 901 1534 Callimachi
927 1468 1097 1535 tritissima
1127 1470 1304 1536 carminum

219 1573 379 1655 epicorum
410 1577 597 1654 argumenta
625 1572 807 1653 respuentis
840 1573 1069 1654 epigrammate
1092 1573 1183 1638 XXX
1207 1572 1302 1638 Schn.

217 1679 318 1762 (anth.
337 1677 563 1760 Pal.X1143),
587 1677 626 1742 de
650 1695 710 1758 quo
734 1677 879 1758 disputat
901 1677 1033 1760 Dilthey
1056 1679 1132 1762 Cyd.
1150 1699 1182 1763 p.
1197 1684 1215 1743 5
1232 1697 1302 1763 sqq,

219 1783 357 1848 Maxime
379 1789 487 1848 tamen
511 1783 552 1847 ad
573 1782 736 1864 Propertii
758 1799 852 1847 voces
868 1782 993 1847 accedit
1010 1783 1090 1849 illud
1106 1786 1303 1868 epigramma

218 1887 405 1953 Callimachi
422 1886 468 1951 IX
491 1886 584 1952 Schn.
608 1885 708 1967 (anth.
722 1885 845 1951 Palm
859 1886 934 1969 565)
959 1887 998 1952 de
1022 1888 1199 1955 Theaeteto
1222 1893 1303 1959 scri-

216 1997 306 2074 ptum
328 1996 425 2074 poeta

433 2095 512 2180 ἦλθε
536 2093 698 2178 Θεαίτητος
721 2093 857 2179 καθαρὴν
882 2095 949 2158 ὁδόν
973 2096 1032 2158 κτὲ.

218 2203 416 2284 Quamquam
434 2201 517 2265 enim
536 2205 731 2280 compertum
748 2196 861 2279 habeo,
886 2205 1040 2282 quantum
1054 2202 1239 2285 discrepent
1261 2207 1304 2273 de

217 2307 267 2372 his
283 2304 390 2371 verbis
408 2305 546 2370 virorum
567 2304 733 2368 doctomm
753 2304 927 2385 opiniones,
946 2314 1178 2386 persuaserunt
1192 2314 1303 2376 tamen

217 2409 294 2475 mihi
318 2409 445 2491 quidem
468 2409 508 2487 ii,
532 2409 586 2490 qui
607 2407 745 2492 καθαρὴν
770 2410 837 2471 ὁδόν
860 2410 945 2474 viam
967 2428 1038 2475 esse
1061 2412 1225 2493 intactam,
1260 2415 1302 2482 ab

217 2516 290 2581 aliis
304 2515 409 2598 poetis
425 2514 564 2580 nondum
583 2519 769 2595 occupatam
785 2520 986 2580 censuenmt.
1019 2516 1111 2597 Vide,
1133 2537 1173 2583 ne
1187 2520 1303 2602 longus

216 2619 301 2698 sim,e
314 2618 430 2685 nubem
452 2619 683 2701 exemplorum,
707 2637 801 2700 quam
824 2625 954 2701 praeter
971 2620 1161 2702 Bentleium,
1185 2623 1303 2690 Hertz·

216 2723 370 2808 bergium,
393 2725 425 2788 ll.
447 2743 491 2789 cc.
516 2723 596 2788 alios
613 2723 748 2788 contulit
764 2721 927 2790 lacobsius
943 2724 1090 2790 tomVII
1113 2746 1144 2808 p.
1156 2731 1217 2791 292
1230 2746 1301 2811 sqq.

215 2831 260 2896 Et
282 2849 352 2895 cum
374 2829 489 2894 merito
513 2827 666 2894 audacius
688 2827 788 2907 fuere,
813 2829 867 2909 qui
889 2828 994 2909 ipsum
1013 2829 1096 2895 hunc
1112 2831 1302 2898 Callimachi

215 2953 341 3001 versum
371 2932 576 2999 obversatum
606 2932 706 2999 fuisse
730 2932 898 3015 Propertio
932 2933 1030 3012 IVI,
1058 2940 1106 3014 18,
1139 2935 1301 3003 iudicave-

214 3039 289 3120 rint,
313 3039 445 3121 propius
465 3037 605 3104 fortasse
629 3038 670 3104 ad
691 3038 862 3104 veritatem
885 3038 1071 3121 accesseris,
1094 3039 1123 3104 si
1145 3039 1226 3106 hanc
1243 3047 1303 3107 aut

217 3144 353 3210 similem
376 3161 486 3208 vocem
507 3147 695 3224 usurpatam
719 3140 819 3209 fuisse
842 3162 861 3208 1
885 3142 1080 3208 Callimacho
1097 3142 1301 3211 existimave-

214 3251 261 3316 ris
284 3250 353 3314 loco
375 3249 482 3330 aliquo
507 3245 723 3328 celeberrimo,
746 3245 801 3313 ubi
824 3248 931 3330 poesis
955 3267 1032 3313 suae
1048 3247 1188 3315 indolem
1203 3255 1301 3334 atque

216 3360 365 3420 naturam
388 3350 587 3418 describeret
609 3351 659 3417 vel
683 3352 879 3418 defenderet.
924 3353 976 3418 Ita
993 3353 1077 3418 enim
1092 3353 1301 3438 intellegitur,

217 3477 273 3525 cur
292 3465 358 3523 tam
380 3455 518 3522 libenter
540 3456 620 3522 talia
650 3455 748 3522 verba
770 3457 803 3520 in
825 3456 966 3523 carmina
989 3475 1047 3523 sua
1075 3460 1303 3528 transtulerint

217 3567 332 3644 poetae
355 3561 462 3626 Latini
486 3561 571 3642 iique
600 3560 753 3638 maxime,
786 3560 840 3641 qui
868 3559 1003 3625 studiosi
1033 3560 1162 3628 fuerunt
1192 3566 1301 3645 poesis

216 3666 451 3732 Alexandrinae
469 3669 657 3744 sectatores,
682 3665 770 3730 cuius
793 3664 841 3728 rei
857 3669 961 3730 111111
974 3665 1060 3732 viros
1079 3666 1190 3733 doctos
1205 3669 1300 3734 modo

215 3771 332 3838 allatos
355 3768 522 3852 advoco²).

218 3895 399 3904 ———-—---
406 3896 412 3900 -

291 3971 316 4040 1)
335 3968 368 4024 cf.
389 3968 544 4025 Nemesion.
564 3984 656 4041 cyneg.
676 3972 764 4040 8sq.;
783 3969 948 4038 interpretes
966 3968 1114 4038 Propertii,
1133 3968 1247 4042 Bentley
1265 3971 1301 4026 ad

218 4059 365 4113 Horatium
383 4073 425 4127 ep.
444 4059 471 4112 11
490 4062 515 4127 2,
534 4062 576 4114 80.

288 4147 317 4217 2)
336 4145 455 4202 fortasse
475 4148 560 4216 igitur
577 4147 758 4203 Callimachus
778 4147 834 4203 alte
852 4153 994 4203 sonantem
1012 4152 1099 4201 artem
1117 4146 1223 4215 epicam
1241 4162 1302 4203 cum
1386 4139 1387 4180 ³

216 4236 260 4291 ria
279 4235 390 4304 publica
408 4237 541 4304 plaustris
567 4243 693 4304 tonante,
723 4243 810 4292 artem
835 4237 983 4306 elegiacam
1005 4252 1065 4289 cum
1091 4236 1161 4290 calle
1186 4235 1300 4304 pedibus

217 4325 305 4379 solum
323 4324 499 4393 ingrediendo
519 4327 694 4395 comparavit.
720 4325 759 4380 Cf.
773 4325 807 4381 fr.
818 4329 869 4380 293
889 4326 923 4380 ab
942 4323 1067 4380 Heclrero
1086 4329 1195 4380 auctum
1213 4327 1244 4378 rot
1263 4328 1299 4398 μὴ
