2806 4808
754 381 795 441 46

232 548 476 614 existimaveris.
533 547 598 614 Sed
627 551 709 615 certi
742 549 915 634 quidquam
953 569 1069 616 vereor
1105 556 1143 624 ut
1174 567 1319 631 unquam

229 654 422 738 investigari
444 653 557 735 possit.
1131 637 1134 642 ¹
1322 717 1325 722 ,

314 759 532 840 Repudiatum
554 757 670 824 deinde
684 763 863 825 amatorem
884 760 1000 825 rehcta
1022 759 1105 827 urbe
1126 761 1168 825 in
1190 761 1319 826 silua-

229 884 316 930 rum
338 864 611 930 solitudinem
625 863 845 946 recedere,
862 865 947 946 apud
960 865 1094 932 arbores
1105 865 1211 931 fatum
1223 882 1319 930 suum

230 971 331 1052 queri,
353 968 486 1034 arbores
497 987 639 1049 saxaque
651 967 727 1035 fidei
735 975 840 1035 testes
849 971 1011 1053 invocare,
1032 971 1173 1053 denique
1185 976 1318 1036 amatae

231 1092 389 1155 personae
412 1091 527 1139 nomen
550 1072 702 1138 arborum
725 1074 837 1139 cortici
860 1076 1021 1158 incidere,
1052 1077 1130 1140 inde
1153 1073 1194 1140 ab
1219 1075 1317 1140 Alex·

230 1179 374 1244 andrinis
397 1179 502 1260 poetis
525 1179 714 1259 saepissime
735 1180 867 1264 legitur,
888 1181 924 1245 id
944 1182 1030 1263 quod
1053 1187 1168 1263 aperte
1184 1179 1317 1246 demon-

233 1290 418 1350 straverunt
447 1284 579 1366 Dilthey
609 1284 686 1366 Cyd.
709 1304 739 1365 p.
765 1291 806 1349 74
835 1303 923 1366 sqq,
954 1286 1132 1352 Schneider
1165 1287 1319 1352 Callima·

231 1391 312 1456 chea
334 1391 366 1454 Π
388 1409 418 1470 p.
446 1395 516 1471 103,
540 1386 661 1474 Helbig
682 1390 976 1476 Untersuchungen
1004 1392 1037 1456 in
1067 1391 1175 1474 capite
1197 1390 1318 1471 XXIII,

228 1494 343 1558 Rohde
373 1495 464 1558 Rom.
500 1513 531 1574 p.
558 1499 619 1559 158
651 1512 739 1576 sqq,
770 1496 966 1561 Woermann
997 1495 1100 1562 ueber
1129 1497 1193 1560 den
1222 1494 1317 1560 land-

231 1597 446 1664 schaftlicheu
467 1598 645 1663 Natursiun
667 1619 696 1680 p.
720 1605 840 1682 75sqq.
865 1601 1021 1682 Exempla
1043 1620 1107 1666 non
1128 1601 1218 1666 nulla
1243 1617 1317 1665 con-

228 1705 372 1769 tulerant
402 1704 468 1768 iam
489 1703 642 1769 Barthius
675 1704 717 1770 ad
739 1705 945 1786 Propertium
976 1707 993 1770 l
1019 1712 1078 1788 18,
1103 1710 1144 1770 22
1178 1711 1213 1770 et
1234 1705 1316 1770 Bur-

229 1827 364 1875 mannus
386 1828 416 1890 p.
442 1811 515 1874 932.

319 1913 439 1979 Notum
462 1919 531 1997 est,
555 1914 745 1980 Callimachi
767 1915 939 1981 Acontium
959 1915 994 1979 in
1016 1933 1114 2000 agros
1136 1933 1172 1979 se
1204 1920 1318 1980 contu-

232 2018 326 2102 lisse,
359 2025 396 2084 ut
425 2020 542 2084 amoris
574 2019 702 2085 dolores
725 2019 911 2103 sedaret¹);
941 2020 1115 2102 praecipue
1143 2017 1317 2101 Nonnus2)

230 2124 291 2188 hac
313 2124 346 2188 in
368 2143 404 2188 re
427 2125 558 2190 sedulus
588 2129 638 2189 est
660 2124 949 2190 Alexandrinorum
971 2129 1130 2203 sectator3
1167 2143 1240 2190 cum
1263 2142 1317 2188 ce-

229 2229 295 2294 teri
314 2227 452 2294 bucolici
481 2234 617 2311 poetae,
647 2235 716 2294 tum
739 2229 929 2295 Theocritus
942 2227 969 2311 8)
993 2229 1140 2310 exempla
1163 2227 1319 2294 exhibent

231 2335 376 2400 eiusdem
399 2334 590 2418 argumenti.
636 2332 676 2399 cf.
700 2335 799 2399 etiam
821 2334 912 2401 Ouid.
935 2341 1011 2400 met.
1034 2335 1083 2399 III
1106 2339 1168 2398 441
1193 2353 1263 2416 sqq.

317 2439 360 2504 ad
383 2439 630 2504 circumstantes
652 2439 790 2504 tendens
813 2457 872 2504 sua
893 2436 1047 2504 bracchia
1071 2438 1170 2503 silvas

319 2544 459 2628 ,ecquis
482 2544 513 2608 io
536 2543 647 2625 silvae,
672 2541 854 2608 crudelius“
878 2543 983 2625 inquit
1007 2543 1177 2626 ,amavitl

318 2649 409 2715 scitis
432 2649 526 2730 enim,
549 2653 582 2713 et
603 2649 714 2714 multis
736 2647 864 2713 latebra
886 2653 1067 2729 opportuna
1089 2646 1206 2712 fuistis

316 2773 459 2837 ecquem,
483 2773 555 2820 curn
577 2759 707 2820 vestrae
729 2759 779 2819 tot
802 2759 944 2839 agantur
966 2753 1098 2818 saecula
1118 2753 1217 2834 vitae,

318 2861 372 2940 qui
394 2859 441 2924 sic
462 2857 615 2942 tabuerit,
639 2861 736 2944 longo
758 2859 950 2923 meministis
971 2859 1005 2923 in
1027 2857 1153 2924 aerol“

231 2960 315 3029 Nam
345 2963 478 3029 arbores
513 2983 638 3045 quoque
668 2981 810 3030 amorem
841 2964 962 3029 sentire
1006 2963 1209 3029 dicebantur.
1271 2960 1314 3028 cf.

229 3069 324 3151 Prop.
348 3069 364 3132 1
388 3074 438 3151 18,
465 3074 503 3134 19
527 3087 573 3150 sq.

315 3191 371 3240 vos
395 3173 486 3239 eritis
508 3178 622 3255 testes,
646 3174 674 3239 si
697 3192 776 3255 quos
797 3173 897 3240 habet
920 3173 1018 3239 arbor
1041 3173 1215 3257 amores4),

232 3278 317 3360 quod
339 3297 414 3344 vere
438 3278 687 3344 Callimacheum
711 3283 770 3344 est.
795 3278 835 3343 cf.
859 3278 990 3361 Dilthey
1014 3279 1091 3360 Gyd.
1115 3299 1145 3360 p.
1170 3283 1211 3342 78
1235 3294 1284 3359 sq.
1387 3319 1388 3354 ,

315 3385 365 3449 De
388 3382 567 3449 nominibus
599 3403 676 3448 vero
707 3380 881 3448 corticibus
909 3383 961 3450 vel
993 3382 1079 3449 foliis
1101 3383 1212 3449 incisis
1236 3403 1316 3469 ege-

229 3495 305 3555 runt
327 3489 458 3572 Dilthey
482 3488 559 3570 Gyd.
582 3509 613 3570 p.
638 3495 675 3554 81
703 3507 783 3572 sqq,
805 3489 919 3555 Rohde
941 3508 972 3571 p.
999 3493 1081 3572 162,
1111 3489 1248 3572 Bentley
1271 3489 1317 3554 ad
1387 3577 1388 3580 Ἴ

231 3595 355 3660 Gallim.
369 3594 408 3659 fr.
426 3599 497 3676 101,
520 3593 632 3676 ceteri,
648 3612 727 3674 quos
750 3613 847 3676 supra
860 3593 1115 3677 commemoravi,
1139 3594 1200 3659 viri
1215 3593 1316 3660 docti.
1387 3651 1388 3654 ,

231 3697 272 3765 cf.
295 3698 384 3764 Flori
406 3699 606 3784 epigramma
629 3699 717 3764 anth.
740 3700 813 3766 Lat.
838 3704 902 3766 248
923 3701 961 3764 R.

306 3999 334 4069 1)
353 3996 465 4067 Dilthey
482 3997 501 4051 l.
521 4012 543 4050 c.
562 4013 589 4066 p.
609 3999 652 4065 74,
671 3995 820 4052 Schneider
837 3994 864 4050 II
881 4013 908 4065 p.
927 3997 980 4051 858
999 4012 1056 4065 sqq.

302 4089 329 4159 2)
349 4088 382 4144 cl.
401 4087 482 4143 Dion.
502 4086 554 4140 XV
571 4089 623 4141 297
642 4102 714 4156 sqq.;
731 4085 851 4139 XXXIII
870 4089 921 4140 312
940 4087 976 4140 al.

303 4178 331 4247 3)
351 4192 430 4246 quem
448 4175 572 4245 sequitur
589 4174 727 4244 Vergilius
746 4175 775 4228 in
793 4175 888 4242 ecloga
905 4174 940 4227 11.

304 4267 333 4336 4)
352 4264 450 4321 Rohde
467 4281 494 4334 p.
515 4266 566 4319 158
585 4280 611 4319 1.
630 4267 655 4332 2,
674 4263 844 4320 Boissonade
862 4262 898 4318 ad
916 4263 1043 4320 Nicetam
1051 4263 1155 4334 Eugen.
1192 4265 1231 4323 Ν
1261 4271 1312 4323 142

231 4357 302 4428 (lp.
322 4358 395 4428 206).
