2806 4808
755 373 794 430 36

223 541 283 624 sit,
319 541 372 623 qui
401 541 470 628 sine
500 538 598 606 dubio
621 540 808 622 saepissime
833 542 1005 626 genuinam
1026 547 1123 623 atque
1145 541 1308 606 incultam

224 646 473 728 pulcritudinem
496 646 679 727 puellarum
702 646 836 711 laudare
860 645 1009 712 solebant
1023 646 1056 730 ¹).

311 753 380 816 Iam
396 751 588 816 accedamus
606 751 647 816 ad
663 749 824 832 Propertii
843 770 972 817 carmen
987 752 1035 816 III
1056 757 1104 835 15,
1127 751 1183 818 ubi
1206 771 1311 818 amo·

224 855 284 920 ris
308 857 528 937 complexu
552 856 771 937 descripto
804 857 944 942 puellam
976 856 1094 922 nudam
1123 876 1231 922 secum
1256 877 1313 923 cu-

225 959 305 1026 bare
338 959 437 1026 iubet.
484 961 574 1026 Haec
609 961 716 1045 elegia
748 967 953 1042 comparatur
983 981 1055 1027 cum
1081 963 1173 1028 Pauli
1204 963 1310 1028 Silen-

223 1066 310 1132 tiarii
335 1066 568 1152 epigrammate
590 1066 635 1130 VI
661 1067 762 1149 (anth.
787 1067 854 1132 Pal.
878 1067 907 1132 V
931 1067 1017 1150 252).

313 1171 455 1258 ῥίψωμεν,
479 1170 635 1256 χαρίεσσα,
658 1167 695 1233 ταί
719 1169 828 1255 φαίρεα,
852 1169 949 1256 γυμνὰ
972 1169 1005 1234 δὲ
1028 1173 1147 1256 γυμνοῖς

357 1274 523 1360 ἐμπελάσαι
545 1275 638 1358 γυίοις
660 1276 730 1359 γυῖα
752 1276 984 1361 περιπλοκάδην*

313 1380 404 1467 μηδὲν
428 1381 471 1445 ἔοι
493 1379 525 1444 τὸ
551 1381 666 1467 μεταξύ.
712 1381 912 1467 Σεμιράμιδος
935 1385 992 1468 γὰρ
1015 1383 1109 1446 ἐκεῖνο

354 1489 452 1573 τεῖχος
475 1485 541 1572 ἐμοί
566 1487 663 1550 δοκέει
686 1486 789 1550 λεπτὸν
814 1488 940 1573 ὕφασμα
963 1488 1050 1551 σέθεν
1074 1488 1133 1568 ard,

227 1593 281 1676 qui
303 1593 412 1659 nescio
443 1613 484 1658 an
507 1594 539 1657 in
563 1593 677 1658 eodem
699 1599 796 1675 poeta
828 1594 917 1660 nisus
940 1594 992 1676 sit,
1015 1595 1048 1658 in
1073 1613 1134 1675 quo
1158 1593 1312 1675 Synesius

226 1698 320 1779 epist.
343 1705 364 1764 4
386 1697 606 1782 παραπέτασμα
636 1699 716 1782 ἡμᾶς
740 1697 909 1784 ἀπετείχιζε
933 1748 938 1760 .
965 1747 972 1761 .
998 1749 1004 1761 .
1031 1702 1234 1784 σωφρονοῦσιν
1256 1697 1313 1761 ἀν-

226 1802 359 1886 θρώποις
389 1800 420 1864 τί
444 1803 542 1887 τεῖχος
572 1800 603 1864 τὸ
627 1801 829 1888 Σεμιράμιδος
843 1803 891 1886 ²),
924 1823 1058 1885 quorum
1087 1805 1120 1869 in
1153 1803 1313 1869 communi

227 1907 315 1972 fonte
345 1907 581 1989 respiciebatur
612 1907 823 1989 proverbialis
846 1909 983 1991 locutio,
1014 1908 1053 1974 ol.
1078 1908 1220 1974 Leutsch
1252 1927 1311 1990 pa-

225 2032 325 2079 roem.
350 2012 465 2080 Graec.
489 2014 521 2078 H
543 2034 573 2095 p.
599 2019 661 2078 670
685 2014 727 2078 ad
750 2015 861 2096 Apost.
885 2014 960 2079 XVI
974 2019 1026 2079 43.
1071 2015 1168 2079 Certe
1190 2013 1312 2078 Paulus

225 2137 288 2184 non
312 2136 351 2185 ex
372 2119 541 2200 Propertio
563 2119 689 2201 hausit,
724 2137 743 2184 a
777 2138 839 2200 quo
861 2118 894 2184 id
917 2119 1070 2184 lasciviae
1104 2137 1206 2204 genus
1230 2118 1311 2184 alic-

227 2242 302 2290 num
326 2230 386 2288 est.

312 2326 383 2393 Non
406 2327 494 2394 nulla
516 2345 591 2393 vero
615 2327 764 2393 addenda
797 2333 872 2392 sunt
894 2327 934 2394 de
957 2327 1050 2392 Pauli
1073 2327 1310 2412 epigrammate

225 2435 286 2500 VII
310 2433 410 2517 (anth.
435 2433 555 2498 Pal.V
589 2433 665 2516 255)
701 2438 797 2514 atque
831 2431 992 2514 Propertii
1025 2431 1139 2516 elegiis
1169 2433 1185 2496 Ι
1222 2434 1310 2511 10,Ι

230 2544 279 2622 13,
302 2539 350 2603 III
388 2542 435 2602 15.
482 2537 637 2620 Depingit
667 2535 713 2601 ibi
744 2537 863 2602 Paulus
898 2543 1065 2618 amantes,
1096 2536 1150 2617 qui
1181 2542 1310 2602 setam

226 2643 379 2710 ardenter
410 2641 662 2723 amplectantes,
697 2645 733 2705 ut
764 2659 819 2706 eos
857 2641 989 2707 dissolvi
1026 2659 1122 2722 posse
1159 2659 1310 2725 negares,

226 2747 317 2814 beati
337 2767 356 2812 a
378 2752 475 2828 poeta
496 2746 735 2828 praedicantur.
781 2745 927 2827 Uterque
948 2745 1049 2830 igitur
1064 2751 1162 2826 poeta
1184 2751 1309 2828 namot,

226 2853 336 2918 oscula
352 2851 527 2916 amantium
542 2851 575 2914 ln
591 2849 692 2915 labris
717 2858 914 2916 commorata
932 2850 1041 2933 luisse,
1066 2848 1197 2916 beatum
1214 2870 1309 2932 prac-

225 2959 369 3024 dicatum
388 2975 459 3022 esse
473 2975 554 3037 eum,
579 2955 632 3036 qui
644 2960 761 3020 catena
776 2955 935 3020 amatoria
952 2956 1088 3021 vincitus
1104 2961 1200 3020 esset.
1246 2955 1309 3020 Est

226 3069 334 3129 autern
358 3065 592 3146 argumentum,
616 3060 700 3141 quod
722 3080 801 3142 prae
825 3060 942 3125 ceteris
961 3060 1169 3125 Alexandrini
1190 3067 1309 3142 poetae

226 3168 404 3248 exprimere
424 3162 580 3245 solebant,
600 3169 636 3229 ut
652 3165 767 3230 docent
783 3165 944 3246 permulta
959 3165 1195 3250 symplegmate
1212 3165 1309 3231 Alex-

226 3271 432 3336 andrinorum
462 3273 571 3332 aetate
601 3265 796 3350 imaginibus
827 3285 996 3350 expressa,
1026 3286 1108 3348 quae
1140 3277 1309 3335 enumerat

226 3374 397 3460 Helbigius
421 3371 713 3456 Untersuchungen
734 3389 765 3451 p.
785 3375 847 3435 250
871 3389 918 3452 sq.
944 3376 977 3436 et
998 3391 1102 3453 paene
1125 3372 1308 3439 innumera-

226 3479 308 3545 biles
329 3479 529 3543 imitatorum
550 3475 622 3557 loci,
646 3474 762 3556 quibus
783 3474 901 3541 similia
923 3482 1097 3542 narrantur
1108 3476 1143 3560 3).

298 3629 325 3698 1)
344 3633 387 3682 sat
406 3627 492 3681 multa
518 3625 641 3694 exempla
667 3625 796 3679 exhibent
821 3625 917 3680 horum
936 3630 1096 3680 sectatores.
1133 3627 1254 3684 Maxime
1273 3632 1308 3685 cf.

226 3715 353 3772 Nonnum
371 3715 451 3771 Dion.
470 3715 548 3769 XLII
567 3717 618 3769 239
638 3731 695 3783 sqq.
721 3731 781 3768 cum
800 3714 880 3769 Pauli
908 3715 1111 3782 epigrammate.
1148 3717 1182 3772 cf.
1201 3725 1310 3787 praete-

225 3824 273 3863 rea
292 3807 380 3863 Noun.
399 3808 480 3863 Dion.
499 3808 577 3861 XLII
601 3807 634 3861 75
660 3823 730 3875 sqq,
759 3807 875 3861 maxime
894 3809 929 3861 84
949 3823 1022 3875 sqq,
1048 3805 1132 3860 Strat.
1152 3807 1227 3861 anth.
1247 3808 1306 3863 Pal.

224 3897 278 3952 XII
298 3899 361 3964 192,
387 3897 462 3951 anth.
482 3897 544 3952 Lat.
564 3900 617 3951 458
635 3897 668 3950 R.
705 3896 736 3949 In
764 3896 846 3950 simili
872 3901 1031 3964 argumento
1050 3902 1176 3951 versatur
1195 3895 1309 3952 Ovidius

225 4003 276 4041 am.
296 3985 309 4038 I
329 3987 370 4038 14.
409 3984 442 4038 cf.
463 3987 545 4040 etlam
564 3985 726 4040 Philostrati
746 3985 892 4053 epistolam
911 3987 928 4037 4
946 3984 979 4038 Κ.

297 4075 325 4143 2)
345 4073 459 4127 Paulum
478 4074 601 4129 imitatus
621 4079 662 4128 est
681 4072 793 4128 Nicetes
812 4073 988 4141 Eugenianus
1006 4073 1045 4127 VI
1064 4075 1116 4127 600
1126 4089 1179 4142 sq,
1204 4081 1234 4129 ut
1253 4077 1308 4131 iam

222 4163 290 4217 vidit
306 4163 512 4217 Boissonadius.
551 4163 657 4217 Similes
675 4161 837 4217 libidinosas
857 4161 1055 4229 descriptiones
1075 4162 1308 4218 exhibetNonnus

223 4252 302 4307 DIon.
322 4251 372 4305 XV
391 4255 441 4306 271
463 4259 490 4306 et
510 4251 587 4305 xlm
606 4254 666 4306 453.
704 4250 737 4305 cf.
757 4251 858 4306 Jacobs
878 4251 913 4305 ad
933 4250 1054 4304 Paulum.

296 4339 323 4414 3)
344 4339 492 4408 Reposian.
522 4343 597 4395 anth.
623 4341 685 4393 Lat.
712 4342 763 4394 253
789 4340 822 4394 R.
845 4359 869 4394 v.
898 4343 948 4393 106
975 4355 1050 4407 sqq.;
1077 4341 1160 4408 epith.
1186 4341 1309 4396 Lauren·
