2806 4808
732 307 773 372 52

210 484 320 554 iuncta
351 480 469 566 probat
492 481 680 565 Cupidinem
715 486 902 547 constanter
923 479 1104 546 adhaerere
1127 479 1191 564 eis,
1215 499 1310 564 qnos

211 590 274 657 sibi
297 588 397 655 semel
416 584 610 655 subiecerit:
634 586 674 652 de
697 586 753 653 illo
775 584 926 668 figmento
944 584 1026 652 bene
1049 583 1196 651 conferas
1214 585 1308 650 Pro-

209 695 349 778 pertium
371 694 419 758 ΙΠ
442 698 494 776 26,
517 697 558 758 29
582 710 629 773 sq.

299 818 356 865 seu
378 817 468 863 mare
490 816 549 880 per
571 797 704 882 longum
726 811 799 862 mea
821 795 944 880 cogitet
966 795 1015 861 ire
1036 795 1154 878 puella,

342 904 424 968 hano
447 921 564 984 sequar
586 907 620 968 et
641 901 722 968 fidos
744 920 808 967 una
832 907 910 985 aget
932 919 1012 967 aura
1034 900 1115 967 duos

213 1015 246 1075 et
269 1008 464 1074 Arethusam
489 1007 583 1089 Prop.
607 1007 636 1072 V
659 1007 679 1072 3
712 1025 746 1072 se
769 1007 921 1072 maritum
944 1005 1092 1072 comitari
1114 1023 1177 1070 non
1197 1023 1305 1086 posse

212 1119 360 1195 questam
374 1112 408 1196 ¹).
454 1113 524 1177 lam
541 1111 642 1197 igitur
663 1112 697 1176 in
719 1116 832 1194 aperto
855 1116 906 1176 est
928 1110 1007 1175 nihil
1029 1110 1081 1176 hie
1105 1128 1177 1175 esse
1191 1110 1303 1174 Paulo

211 1237 283 1285 eum
305 1218 484 1300 Propertio.
530 1215 681 1283 Profecto
705 1217 808 1298 enim,
832 1216 916 1298 quod
940 1215 1024 1298 apud
1047 1221 1219 1298 utrumqne
1243 1234 1302 1280 re·

212 1323 266 1408 gio
289 1328 380 1389 certa
403 1322 512 1403 aliqua
536 1322 631 1406 longe
654 1321 984 1404 remotanominatur,
1006 1340 1108 1403 usque
1133 1319 1303 1402 adquam

211 1426 325 1511 fugere
347 1426 463 1508 possis,
486 1445 549 1491 non
571 1424 707 1508 suffieit,
741 1431 777 1492 ut
799 1425 935 1492 Paulum
968 1431 1074 1492 totum
1103 1443 1237 1492 carmen
1261 1445 1304 1491 ex

210 1533 380 1615 Propertio
403 1531 639 1614 deprompsisse
662 1531 883 1616 iudicemus2).

298 1636 476 1719 Postremo,
501 1655 540 1702 ne
564 1638 648 1719 quod
671 1657 810 1720 aermon,
834 1638 865 1702 in
888 1657 951 1720 quo
974 1657 1108 1724 gravem
1122 1657 1302 1720 personam

212 1741 351 1807 sustinet
373 1742 487 1823 Amor,
510 1742 770 1823 praetermisisse
792 1743 977 1826 videamur,
1013 1743 1199 1826 appendicis
1225 1745 1302 1810 loco

211 1865 314 1928 pauca
336 1864 523 1912 moneamus
544 1865 677 1912 necesse
701 1853 751 1912 est
775 1847 815 1912 de
838 1847 902 1913 illis
925 1846 1080 1932 versibus,
1104 1849 1159 1930 qui
1181 1848 1301 1934 legun-

210 1957 265 2017 tur
286 1951 318 2016 Π
341 1958 371 2033 9,
396 1957 434 2017 37
459 1969 527 2034 sqq.

298 2076 390 2139 nuno,
414 2058 564 2139 quoniam
586 2057 650 2122 ista
673 2056 734 2122 tibi
755 2057 877 2138 placuit
900 2057 1072 2140 sententia,
1096 2058 1217 2125 cedam.

340 2162 418 2246 tela,
440 2181 566 2244 precor,
588 2162 689 2244 pueri,
712 2163 850 2244 promite
874 2166 969 2227 acuta
991 2163 1106 2247 magis,

297 2265 388 2352 figite
411 2272 585 2348 certantes,
608 2272 705 2348 atque
727 2267 810 2332 hano
833 2265 910 2331 mihi
933 2266 1047 2332 solvite
1068 2267 1187 2333 vitam:

342 2372 474 2456 sanguis
498 2371 561 2436 erit
582 2370 672 2437 vobis
697 2371 835 2436 maxima
857 2370 965 2453 palma
986 2390 1087 2437 meus.

210 2477 323 2562 Magni
356 2477 440 2543 enim
471 2476 625 2542 momenti
658 2480 733 2542 sunt
762 2476 795 2540 hi
821 2494 947 2559 versus,
979 2477 1064 2557 quod
1089 2475 1300 2558 Propertium

211 2587 325 2664 aperte
348 2580 522 2663 Posidippi,
545 2584 663 2663 poetae
685 2599 760 2646 vere
782 2581 974 2662 proprieque
997 2580 1214 2663 Alexandrini,
1237 2584 1300 2664 qui

210 2685 404 2752 Ptolemaeis
421 2684 633 2767 Philadelpho
656 2689 690 2751 et
705 2686 868 2770 Euergete
891 2685 1103 2770 regnantibus
1126 2686 1215 2769 vixit,
1237 2707 1298 2753 ve·

210 2789 309 2874 stigia
329 2795 530 2871 prementem
552 2789 741 2872 ostendunt,
773 2791 1015 2872 exemplumque
1042 2795 1117 2856 sunt
1138 2789 1299 2874 notabile,

211 2899 365 2976 quantum
380 2893 462 2959 lueri
481 2892 610 2976 alferat,
630 2901 666 2959 ut
684 2913 781 2976 supra
799 2895 864 2960 iam
881 2895 1069 2978 monuimus,
1093 2897 1297 2978 comparatio

210 2998 372 3078 Propertii
394 3004 491 3080 atque
515 3004 682 3066 auctorum
704 3000 772 3065 eius
790 2999 997 3083 Graecorum,
1022 3019 1094 3066 oum
1117 3001 1297 3066 Bmmanni

211 3120 354 3169 errorem
377 3102 428 3166 hio
451 3102 549 3169 verbo
581 3104 713 3188 ‚‚pueri“
749 3123 859 3170 servos
889 3105 1065 3189 significari
1085 3105 1151 3171 rati
1174 3105 1295 3172 collato

210 3205 375 3288 Posidippi
414 3207 648 3291 epigrammate
688 3211 775 3274 anth.
808 3210 876 3274 Pal.
909 3211 970 3274 XII
1001 3215 1042 3274 45
1085 3218 1297 3277 correxerunt

210 3310 394 3376 Husohlrius
417 3310 481 3394 (ep.
508 3313 578 3377 orit.
602 3332 633 3395 p.
659 3315 692 3396 6)
717 3320 749 3379 et
773 3313 1008 3400 Hertzbergius

297 3412 345 3478 ναὶ
367 3411 414 3478 ναὶ
439 3411 568 3500 βάλλετ’,
586 3412 745 3502 Ἔρωτες’
769 3419 829 3502 ἐγὼ
854 3417 963 3492 σκοπὸς
987 3417 1028 3490 εἷς
1052 3419 1115 3504 ἅμα
1137 3423 1258 3493 πολλοῖς

340 3521 459 3603 κεῖμαι·
484 3520 524 3606 μὴ
549 3521 702 3606 φείσησθ’,
727 3521 871 3610 ἄφρονες·
893 3527 929 3608 ἢν
952 3522 1009 3608 γὰρ
1033 3523 1086 3610 ἐμὲ

286 3819 312 3888 1)
334 3819 423 3874 altera
442 3836 548 3890 quoque
571 3823 702 3891 cogitatio
721 3823 915 3880 Alexandrinis
940 3827 1030 3894 poetis
1055 3829 1199 3884 notissima
1217 3837 1295 3886 erat:

210 3907 325 3975 primus,
345 3909 373 3961 ni
392 3907 488 3977 fallor,
514 3911 663 3980 Euripides
681 3913 753 3967 Med.
780 3915 830 3970 531
851 3913 896 3984 (of.
916 3916 978 3985 634)
997 3915 1058 3978 τόξα
1077 3919 1179 3991 ἄφυκτα
1200 3921 1294 3976 Amori
1377 3933 1378 3992 }

209 3995 316 4050 tribuit.
353 3997 458 4053 Deinde
476 4000 530 4053 huo
549 4002 687 4068 pertinent
705 4002 820 4058 Theoor.
839 4004 944 4060 XXVII
963 4007 1010 4075 19,
1029 4009 1103 4062 anth.
1123 4007 1182 4063 Pal.
1201 4008 1226 4063 V
1244 4013 1294 4078 93,
1377 4021 1378 4068 1

212 4086 271 4151 139,
285 4088 315 4160 3,
341 4089 408 4155 188,
432 4088 485 4140 XII
504 4092 554 4158 45,
579 4093 629 4159 82,
651 4093 714 4159 1203
733 4091 881 4146 Phaborin.
901 4092 976 4148 Stob.
995 4094 1077 4150 floril.
1095 4098 1185 4152 LXIV
1204 4103 1239 4154 26
1258 4101 1294 4156 al.
1377 4133 1378 4144 .

281 4174 522 4242 maldonatum.
551 4179 625 4234 Man.
644 4180 671 4232 Π
699 4183 732 4236 87
752 4197 824 4249 sqq,
851 4197 912 4236 oum
930 4183 1076 4252 Propertio
1095 4188 1215 4243 eiusdem
1235 4207 1292 4245 ver·
1377 4175 1378 4190 ¹

210 4276 268 4320 sum
287 4263 351 4318 125
370 4266 485 4320 eontulit
503 4267 699 4324 Boissonadius
718 4286 745 4338 p.
764 4271 825 4324 402.

211 3703 417 3715 Μ-
