2806 4808
606 339 646 398 47

164 504 292 586 quando
312 503 474 588 ponebam
495 507 640 572 novellas
664 506 797 572 arbores
819 505 896 570 mali
920 513 953 572 et
974 506 1047 589 piri,

77 690 81 696 .
158 611 290 676 corticis
314 629 458 676 summae
481 612 591 676 notavi
612 630 727 677 nomen
750 610 876 676 ardoris
898 612 962 677 mei
986 631 1052 694 eqs.

50 715 135 780 Hoc
174 734 300 796 quoque
334 717 367 780 in
397 714 587 780 Callimachi
620 716 764 798 Cydippe
798 714 971 800 legebatur
1003 720 1036 782 et
1068 716 1154 797 apud

56 820 308 886 Alexandrinos
329 827 444 903 poetes
467 821 594 886 omnino
616 820 893 903 frequentissime,
925 826 1000 887 ante
1024 839 1158 902 quorum

56 929 217 990 aetatem
240 945 333 991 nemo
355 932 424 992 tam
446 931 593 991 teneram
617 927 811 992 sententiam
834 927 969 991 carmini
992 927 1087 992 alicui
1109 926 1158 990 in-

59 1030 186 1095 seruit.
234 1031 326 1108 Quod
349 1031 376 1095 si
399 1031 470 1112 quis
483 1028 601 1095 nubem
623 1032 712 1096 illam
723 1032 950 1112 exemplorum,
974 1048 1156 1112 quamcon-

56 1139 245 1217 gesserunt
267 1136 327 1199 viri
349 1135 397 1198 illi
421 1135 517 1215 docti,
539 1135 726 1219 inspexerit,
748 1133 932 1203 indubium
953 1154 1070 1201 vocare
1093 1154 1156 1200 non

59 1240 204 1322 poterit,
229 1240 304 1322 quin
327 1240 515 1321 Propertius
537 1259 662 1322 quoque
686 1242 700 1305 Ι
727 1247 776 1323 18,
800 1246 840 1305 22

160 1343 314 1409 scribitur
336 1351 369 1409 et
392 1345 510 1409 vestris
535 1345 672 1426 Cynthia
695 1344 870 1411 corticibus

56 1467 193 1514 memor
216 1448 314 1514 luerit
335 1449 435 1514 moris
457 1449 543 1514 illius
566 1455 745 1532 poetarum,
770 1469 849 1532 quos
873 1450 954 1515 alias
968 1467 1154 1532 quoquese-

60 1559 224 1637 quentem
247 1573 320 1620 eum
342 1555 479 1620 vidimus
494 1553 529 1636 ¹).

159 1659 326 1725 Hactenus
342 1660 382 1725 de
406 1659 453 1725 eis
476 1659 710 1740 disputavimus
729 1659 842 1744 elegiis
866 1659 1046 1740 epidicticis
1059 1664 1157 1739 atque

60 1763 362 1829 Alexandrinorum
392 1764 557 1848 ingenium
585 1781 665 1844 prae
688 1781 723 1828 se
745 1761 942 1844 ferentibus,
974 1763 1009 1827 in
1042 1761 1158 1843 quibus

61 1866 164 1934 fictos
188 1869 306 1934 amoris
329 1869 379 1934 sui
409 1887 503 1934 casus
526 1868 577 1934 vel
601 1873 793 1952 argumenta
817 1867 975 1932 amatoria
997 1884 1156 1932 commen-

65 1973 162 2038 ticiis
188 1979 222 2038 et
245 1972 374 2038 aliunde
397 1972 532 2037 adscitis
561 1970 659 2037 rebus
689 1977 845 2036 exornata
869 1969 1025 2036 describit
1046 1975 1155 2052 poeta.

64 2078 226 2142 Finitima
238 2078 377 2159 quodam
400 2076 494 2142 modo
518 2083 602 2158 sunt,
627 2095 709 2158 quae
723 2077 796 2141 huic
821 2076 1002 2157 quaestioni
1026 2074 1156 2140 subiun-

64 2201 148 2267 gam
170 2182 212 2247 ad
237 2201 310 2264 eas,
346 2199 427 2262 quae
459 2181 492 2244 in
516 2161 630 2264 el‘egiis
665 2181 776 2244 11112
810 2186 842 2246 et
872 2185 913 2244 30
942 2180 1156 2262 continentur,

65 2285 823 2367 Amorisdescriptionespertinentia.
858 2283 1157 2350 NamexbocPro-

66 2391 171 2473 pertii
183 2391 324 2456 carmine
346 2391 448 2455 11130
472 2395 696 2474 argumentum
716 2390 891 2470 sumpsisse
912 2390 1156 2474 epigrammatis

67 2496 122 2560 sui
145 2495 282 2560 XXXVI
305 2495 407 2578 (anth.
423 2494 623 2575 PalV301)
658 2493 793 2559 Paulum
816 2493 1023 2560 Silentiarum
1046 2494 1156 2559 existi-

65 2605 139 2664 mat
161 2597 396 2684 Hertzbergius
426 2599 473 2680 (in
495 2599 724 2664 commentario
748 2618 804 2664 suo
823 2619 854 2682 p.
880 2599 967 2682 200),
990 2599 1038 2664 ita
1059 2604 1096 2665 ut
1121 2599 1156 2663 in

65 2705 185 2768 horum
207 2704 368 2784 Propertii
391 2703 567 2768 carminum
598 2722 714 2770 causas
746 2705 908 2786 inquirere
940 2723 960 2769 a
990 2703 1155 2786 proposito

66 2812 183 2873 nostro
205 2808 293 2873 haud
323 2808 462 2873 alienum
492 2809 544 2872 sit.

159 2912 265 2993 Atque
288 2912 427 2993 primum
450 2913 578 2994 quidem
601 2912 712 2978 variae
735 2913 984 2997 distinguendae
1006 2919 1081 2978 sunt
1103 2931 1156 2979 oc·

70 3017 241 3098 casioneS,
275 3035 354 3099 quas
377 3024 494 3099 poetae
518 3018 668 3082 amatorii
691 3017 733 3082 ad
757 3016 1004 3083 describendum
1028 3018 1158 3099 cupidi-

67 3141 146 3188 nem
177 3123 392 3203 arripuerunt.
440 3122 536 3187 Modo
570 3123 654 3187 enim
677 3123 828 3188 Amorem
850 3122 1022 3206 fugitivum
1044 3123 1156 3204 depin-

67 3234 170 3314 gunt,
203 3227 251 3292 ita
283 3233 318 3292 ut
351 3227 494 3309 corporis
518 3232 631 3309 notas,
662 3225 776 3308 quibus
797 3227 930 3311 agnosci
954 3229 1074 3312 possit,
1110 3229 1156 3294 eis

68 3333 181 3416 edant,
205 3333 259 3414 qui
284 3352 357 3397 eum
379 3337 617 3414 persequuntur
631 3329 673 3415 2);
711 3331 805 3397 modo
834 3351 949 3398 venum
972 3333 1078 3399 euntis
1100 3353 1157 3399 na-

76 3461 286 3473 -.-.-.-...

144 3501 171 3572 1)
191 3501 687 3571 ci.etiamHelbigWandgemaelden.
707 3505 783 3571 1280,
802 3503 1046 3572 Untersucbungen
1060 3518 1086 3571 p.
1098 3505 1159 3571 112,

68 3592 147 3648 Jahn
166 3591 371 3659 Bescbreibnng
390 3589 438 3646 der
455 3591 700 3661 Vasenaammlung
718 3591 824 3661 Koenig
851 3591 980 3660 Ludwigs
1012 3607 1039 3660 p.
1059 3590 1160 3646 OXXII

67 3699 109 3750 sq.
133 3679 295 3734 -Nullius
322 3680 404 3748 pretii
425 3689 502 3749 sunt,
530 3697 599 3750 quae
618 3682 746 3750 Sperling
765 3682 885 3751 Propera
913 3683 942 3735 in
964 3680 1067 3736 seinem
1092 3681 1159 3735 Ver-

69 3769 208 3824 haeltnits
227 3785 288 3822 zum
306 3768 508 3824 Alexandriner
526 3769 713 3825 Kallimachus
732 3771 836 3840 (progr.
864 3786 985 3840 gymnas.
1004 3768 1159 3825 Stralsund.

68 3858 153 3927 1879)
171 3873 198 3926 p.
220 3861 250 3911 11
272 3857 305 3912 de
322 3859 375 3912 bac
394 3872 425 3912 re
443 3858 513 3912 dixit
532 3859 561 3912 in
579 3860 710 3927 opusculo
729 3860 837 3914 minime
856 3875 889 3914 ea
900 3865 1069 3930 praestante,
1088 3875 1157 3928 quae

67 3947 216 4015 inscriptio
236 3947 390 4015 pollicetur.
428 3947 568 4016 Ignoravit
588 3949 658 4002 enim
679 3949 820 4017 Sperling‚
840 3948 894 4004 nisi
913 3949 1079 4018 comparatis
1099 3948 1157 4002 dili·

68 4042 167 4106 genter
187 4037 325 4104 omnibua,
345 4051 413 4105 quos
432 4051 466 4091 ex
484 4037 679 4092 Alexandrinis
698 4037 817 4106 pendere
836 4039 971 4107 sciamus,
999 4038 1157 4094 auctoribus

69 4125 146 4181 illam
166 4126 354 4193 quaestionem
372 4125 480 4181 institui
498 4141 554 4180 non
572 4142 661 4195 posse.

143 4215 171 4285 2)
190 4213 224 4268 cf.
244 4215 414 4284 Meleagrum
432 4216 508 4270 anth.
527 4215 586 4270 Pal.
605 4216 631 4270 V
650 4219 714 4272 177:

140 4302 260 4376 appboooc
278 4304 323 4357 τὸν
336 4301 439 4376 Ἔρωτα
457 4303 502 4359 τὸν
521 4305 621 4378 ἄγριον·
641 4305 696 4378 ἄρτι
714 4308 768 4380 γάρ,
787 4305 843 4384 ἄρτι
