2806 4808
745 370 783 429 16

221 536 375 617 Meleagri
398 537 593 618 epigramma
615 536 763 603 XXVIII.
820 535 1025 619 Ubicunque,
1060 541 1097 602 ut
1127 537 1204 600 mihi
1232 555 1315 616 per·
1383 619 1384 626 φ

219 640 323 706 suasit
345 639 493 724 Dilthey,
526 642 624 707 Amor
646 642 693 707 sic
715 641 926 722 describitur,
959 647 1016 708 aut
1037 642 1140 706 victor
1161 645 1218 706 aut
1241 642 1316 724 (cui

221 745 407 826 cogitationi
438 746 536 811 etiam
565 747 667 829 magis
697 745 815 813 iavIsse
837 745 986 812 videntur
1011 745 1141 828 poetae)
1155 735 1316 810 *venator

220 868 291 915 esse
321 854 463 931 putatur.
509 849 628 929 Simili,
661 870 724 933 qua
745 851 951 933 Propertius,
983 850 1122 933 imagine
1150 868 1228 916 usus
1257 855 1318 916 est

220 954 340 1020 Paulus
363 953 567 1021 silentiarius
590 954 677 1020 anth.
701 955 769 1020 Pal.
793 955 821 1021 V
846 959 908 1021 268

348 1056 401 1129 λὰξ
425 1055 530 1143 ἐπιβὰς
553 1058 681 1144 στέρνοις
704 1057 807 1145 πικρὸν
831 1058 921 1144 ἔπηξε
942 1061 1031 1123 πόδα.

221 1164 384 1246 (Amorem
406 1162 508 1245 dicit),
545 1163 629 1244 quod
651 1181 692 1228 na
715 1183 754 1229 ex
776 1170 873 1247 poeta
895 1165 1011 1231 Latino
1034 1182 1106 1230 eum
1128 1163 1309 1244 sumpsisse
1385 1209 1386 1212 ,

220 1267 406 1345 iudicemus,
441 1271 553 1332 vetant
575 1267 730 1350 Meleagri
753 1268 985 1350 epigrammata
1007 1267 1309 1334 anth.Pa1.xl148

348 1371 467 1454 κεῖμαι·
490 1367 544 1442 λὰξ
567 1371 699 1456 ἐπίβαινε
724 1373 789 1435 κατ’
813 1372 949 1456 αὐχένος,
974 1371 1058 1459 ἄγρια
1082 1373 1187 1456 δαῖμον

219 1482 253 1541 et
274 1477 337 1540 XII
362 1481 420 1541 101

524 1580 556 1644 τὸ
581 1583 656 1646 δ’ἐπ’
680 1581 789 1668 ὀφρύσι
810 1583 890 1646 κεῖνο
913 1581 1057 1668 φρύαγμα

354 1689 563 1772 ονηπτοφόροο
588 1687 695 1773 σοφίας
716 1687 800 1772 ἠνίδε
822 1685 910 1751 ποσοὶ
933 1693 1018 1752 πατῶ

223 1797 257 1857 et
278 1791 445 1858 Parthenii
467 1791 680 1875 fragmentum
702 1794 732 1859 X

352 1897 532 1982 ἀμφοτέροις
555 1895 660 1984 ἐπιβὰς
675 1890 794 1982 Ἅρπυς
817 1896 967 1982 ἐληῖοατο,

222 2002 270 2068 sic
293 2003 377 2068 enim
388 2004 536 2069 Amorem
560 2004 757 2085 appellatum
779 2003 997 2070 fuissedocet
1018 2001 1198 2068 Meinekius
1211 2002 1307 2068 Anal.
1388 2033 1389 2104 ρ

224 2107 314 2172 Alex.
339 2127 369 2188 p.
385 2113 457 2188 266,
481 2128 574 2190 quern
598 2126 669 2173 cum
690 2109 833 2175 utiIItatc
855 2108 917 2174 huc
940 2105 1116 2174 conteras·
1140 2103 1209 2172 lam
1233 2111 1310 2172 ante

223 2213 427 2294 Propertium
450 2214 564 2295 igitur,
603 2211 790 2294 Cupidinem
824 2209 925 2294 pedes
953 2212 1144 2294 imposuisse
1177 2211 1310 2290 amanti,

223 2317 374 2383 dixerunt
395 2323 510 2399 poetae
530 2317 747 2395 Alexandrini,
772 2337 791 2382 a
814 2311 928 2398 quihus
950 2321 985 2381 et
1006 2315 1115 2381 Latini
1136 2302 1312 2407 poetaect

222 2423 418 2504 Byzantinus
441 2426 606 2503 acceptum
628 2420 812 2505 figmentum
834 2415 1039 2486 variomodo
1062 2411 1312 2499 exornaverunt3

223 2545 261 2592 ac
283 2531 394 2607 potest
417 2526 606 2590 documento
630 2525 784 2591 essehoc
807 2525 994 2607 exemplum,
1018 2531 1139 2607 quanta
1161 2525 1311 2590 cautione

224 2649 304 2712 opus
337 2631 379 2695 sit
415 2631 447 2694 in
487 2630 676 2712 indagandis
709 2630 940 2702 sententiarum
971 2629 1130 2708 lontibus,
1173 2647 1244 2695 cum
1276 2631 1311 2694 ni

222 2736 321 2801 sortis
351 2733 550 2816 benignitate
579 2729 699 2800 servati
728 2733 819 2800 nobis
851 2740 961 2800 essent
990 2735 1038 2799 illi
1068 2735 1131 2800 loci
1152 2733 1311 2815 Meleagri
1390 2755 1391 2790 r

224 2845 320 2922 atque
343 2839 526 2917 Parthenii,
559 2839 646 2906 haud
677 2839 793 2918 sciam,
823 2853 867 2904 sn
895 2859 958 2916 non
989 2837 1070 2904 nulli
1098 2839 1158 2904 hac
1180 2839 1311 2922 quidem
1388 2797 1391 2908 I

222 2945 255 3008 in
277 2963 313 3009 re
329 2944 462 3010 Paulum
479 2943 697 3010 Silentiarium
712 2943 873 3024 PropertiI
890 2943 1041 3026 uestigiis
1063 2943 1234 3010 Incessisse
1258 2962 1311 3009 ar·
1390 2983 1391 3018 ,

222 3047 335 3115 bitrati
357 3048 539 3133 fuissent1).
863 3043 881 3059 ”

311 3153 371 3218 Cui
393 3155 574 3234 quaestioni
597 3152 786 3236 subiungam
817 3153 1010 3220 sententiam
1040 3153 1195 3232 similem,
1227 3171 1311 3235 quae

224 3258 352 3323 Amoris
389 3258 516 3324 homine
548 3259 644 3341 potiti
675 3259 845 3341 imaginem
880 3257 1038 3340 exprimit.
1092 3257 1195 3339 Saepe
1226 3256 1311 3321 enim

223 3363 532 3447 triumphantis2)
566 3368 676 3444 partes
708 3382 807 3446 agens
837 3369 998 3430 amantem
1024 3363 1147 3429 catanis
1169 3363 1311 3427 vinctum

223 3496 314 3502 -..—-
321 3499 338 3503 -.
347 3499 429 3506 ...—

298 3549 325 3618 1)
344 3565 399 3605 non
423 3550 491 3605 satis
513 3556 635 3617 constat,
661 3566 725 3604 num
749 3549 817 3605 illud
843 3556 952 3606 statuae
976 3549 1157 3617 fragmentum
1176 3548 1247 3617 quud
1267 3546 1312 3602 de·

224 3638 355 3693 lineatum
374 3639 541 3707 conspicitur
560 3638 634 3708 apud
648 3638 910 3694 Mueller-Wieseler
928 3638 1110 3694 Denkmaeler
1128 3638 1156 3691 Π
1173 3655 1199 3692 n.
1212 3639 1264 3691 686
1284 3643 1313 3691 ct

224 3726 259 3781 de
286 3743 340 3796 quo
360 3726 517 3782 conferendi
536 3733 599 3782 sunt
617 3727 759 3783 Bennduri
775 3735 802 3782 et
822 3728 944 3783 Schoene
963 3727 1007 3782 die
1026 3727 1139 3782 antiken
1157 3725 1313 3781 Bilduerlre

224 3815 272 3871 des
291 3815 557 3872 Lateranensischen
574 3817 714 3872 Museums
733 3834 759 3886 p.
772 3820 824 3872 274
844 3833 870 3872 n.
882 3820 943 3885 401,
961 3818 1015 3872 huc
1034 3818 1070 3872 sit
1089 3814 1311 3870 referendum-
1389 3801 1391 3840 ³

225 3905 330 3960 Tacere
361 3906 406 3959 hie
438 3922 492 3961 non
519 3923 632 3975 possum
658 3907 855 3974 coniecturam,
885 3923 965 3975 quam
992 3906 1109 3976 protulit
1134 3905 1312 3960 Mercklinus.

223 3994 378 4064 Aphrodite
397 3995 520 4050 Nemesis
546 3997 596 4050 mit
619 3995 668 4051 der
686 3994 804 4051 Sandale
833 3995 952 4066 (Dorpat
979 3995 1059 4065 1854)
1085 3997 1148 4063 po
1177 4010 1210 4049 ex
1234 3994 1312 4049 verbi
1388 3947 1391 4034 1

225 4083 379 4155 ἀνδράποδον
398 4085 502 4152 origine
521 4085 665 4152 coniciens,
685 4084 770 4140 fuisse
788 4092 903 4153 tempus,
932 4101 984 4154 quo
1004 4084 1102 4138 Graeci
1121 4082 1189 4151 pede
1208 4083 1311 4151 eodem,
1374 4107 1378 4124 ·

223 4189 276 4241 quo
292 4173 386 4227 Latini
403 4189 492 4242 manu,
511 4173 590 4229 modo
611 4174 646 4228 ad
665 4173 904 4229 demonstrandam
921 4172 1091 4229 dominorum
1109 4172 1138 4225 in
1156 4186 1249 4226 servos
1263 4187 1313 4238 po·

224 4268 352 4318 testatem
371 4263 413 4318 usi
433 4268 532 4318 essent.

299 4351 327 4420 2)
347 4350 381 4405 cf.
401 4351 484 4420 Prop.
503 4352 530 4405 II
549 4355 574 4419 8,
594 4355 629 4406 40
653 4353 703 4422 „de
721 4368 763 4408 me
782 4353 841 4408 iure
859 4353 1011 4421 triumphat
1029 4351 1138 4405 Amor“.
