2806 4808
735 347 753 405 6

201 521 309 602 quitus
329 519 506 600 prophetae
529 518 579 582 vel
597 517 799 599 hypophetae
812 516 977 580 Musarum
992 513 1238 596 appellabantur
1249 512 1287 596 ¹),

201 630 235 690 et
250 625 363 690 Musae
386 643 406 687 a
427 623 533 705 poetis
557 619 791 704 antiquioribus
806 639 903 701 saepe
922 617 1199 690 confundebantur
1215 637 1288 684 curn

201 728 363 811 nymphia,
399 747 418 792 a
451 725 566 808 quibus
600 732 716 792 natura
749 745 808 791 sua
837 743 901 790 non
932 724 1078 790 diversae
1110 721 1287 804 luerunt2).

202 834 306 898 Huius
329 833 428 914 igitur
450 833 497 896 rei
519 850 687 910 memores,
712 849 791 911 quos
810 829 1010 910 protulimus,
1033 834 1159 910 poetae,
1183 827 1291 893 aMu·

205 938 249 1002 sis
267 955 378 1001 sacrae
401 955 503 1017 aquae
526 933 729 1017 praesidibus
753 951 824 999 sese
844 934 973 1014 potione
992 933 1175 998 ministrata
1190 932 1291 1012 inspi-

203 1047 293 1107 ratos
309 1060 391 1117 esse,
416 1038 618 1120 dictitabant,
642 1057 840 1105 communem
854 1037 993 1119 plurimi,
1017 1042 1053 1102 ut
1067 1038 1146 1102 mihi
1161 1037 1291 1119 quidem

202 1147 340 1225 videtur,
365 1151 530 1212 auctorem
552 1144 663 1209 secuti.
709 1142 781 1207 Non
800 1143 884 1207 enim
900 1143 1025 1207 Latinis
1040 1143 1099 1208 hoc
1120 1141 1291 1208 artificium

203 1249 321 1316 debere
344 1251 546 1332 anthologiae
569 1248 736 1314 Palatinae
759 1247 832 1312 illos
854 1252 979 1328 poetes,
1003 1247 1098 1311 docet
1120 1247 1285 1328 Asclepia-

204 1355 264 1435 dis,
289 1355 459 1420 clarissimi
487 1357 603 1435 poetae
627 1351 851 1430 Alexandrini,
882 1352 1078 1433 epigramma
1108 1351 1196 1416 anth.
1220 1351 1289 1417 Pal.

204 1461 250 1524 IX
275 1464 325 1538 64,
352 1464 380 1537 5,
404 1456 459 1523 ubi
482 1457 521 1522 de
544 1457 685 1522 Hesiodo
709 1457 756 1521 ait

337 1565 437 1625 δῶκαν
462 1559 494 1622 δὲ
515 1559 625 1644 κράνας
644 1557 841 1629 Ἑλικωνίδος
864 1556 966 1622 ἔνθεον
990 1557 1072 1644 ὕδωρ

207 1667 394 1748 ceteroquin
426 1666 561 1731 Hesiodi
594 1665 713 1748 (theog.
739 1668 778 1728 22
803 1664 887 1747 sqq.)
918 1663 1046 1744 quidem
1079 1664 1216 1746 vestigia
1247 1663 1293 1729 ibi

207 1790 365 1854 premens,
391 1790 427 1836 eo
452 1775 560 1835 autem
583 1767 623 1835 ab
647 1772 778 1835 auctore
802 1787 859 1833 suo
883 1767 1079 1848 discrepans,
1103 1768 1189 1848 quod
1211 1768 1294 1833 illia

208 1877 309 1942 Musis
327 1895 444 1958 aquam
462 1874 661 1939 Heliconiam
678 1878 861 1955 porrectam
884 1873 1143 1938 comminiscitur.
1189 1872 1295 1938 Simili

207 1981 301 2046 modo
325 1980 409 2045 ludit
431 1980 602 2061 Antipater
625 1979 712 2044 anth.
736 1978 804 2044 Pal.
827 1977 874 2042 XI
898 1981 939 2041 24
960 1977 1002 2041 in.

340 2085 364 2146 ὦ
384 2080 516 2146 Ἑλικὼν
542 2079 667 2161 Beturri,
692 2079 728 2144 σὺ
753 2080 804 2164 μέν
827 2103 899 2142 ποτε
922 2077 1064 2150 πολλάκις
1087 2079 1168 2163 ὕδωρ
1234 2127 1236 2130 -

381 2186 485 2259 εὐεπὲς
496 2186 521 2273 ⁸)
544 2189 577 2249 ἐκ
599 2187 720 2271 πηγέων
744 2184 870 2271 ἕβλυσας
890 2182 1040 2270 Ἡσιόδῳ,

209 2291 271 2356 nisi
303 2292 388 2373 quod
414 2293 525 2358 Musas
555 2291 797 2374 praetermittit.
851 2291 1001 2370 Accedit,
1035 2288 1119 2370 quod
1142 2289 1309 2356 Moschus·

208 2395 250 2459 id.
275 2397 469 2479 H178sq.,
504 2401 539 2462 ut
560 2397 625 2462 iam
647 2394 770 2461 monuit
792 2395 959 2474 Lehrsius,
994 2394 1170 2458 Homerum
1197 2399 1295 2475 atque

208 2500 357 2580 Bionem,
391 2501 509 2566 diversi
538 2501 665 2582 generis
695 2504 808 2581 poetas
838 2499 1049 2578 clarissimos,
1088 2517 1127 2563 ex
1160 2499 1296 2565 diversis

211 2603 354 2670 fontibus
377 2604 498 2670 bibisse
522 2605 568 2670 ait

340 2710 505 2794 ἀμφότεροι
526 2711 635 2791 παγαῖς
657 2708 863 2793 πεφιλημένον,
893 2709 925 2779 ὃς
949 2705 999 2791 μὲν
1024 2705 1104 2771 ’ἔπινε

341 2813 514 2896 Παγασίδος
537 2813 657 2898 κράνας;
681 2815 697 2876 δ
720 2812 817 2898 δ’ἔχεν
842 2814 924 2896 πόμα
947 2817 998 2884 τᾶς
1018 2810 1210 2896 ’λρεδοίσας.

208 2917 292 2983 Num
314 2917 374 2984 tibi
396 2920 480 2984 iusto
504 2920 653 2985 licentius
675 2919 835 2985 iudicasse
864 2917 1014 2996 videbor,
1052 2919 1079 2982 si
1109 2918 1224 2982 mirum
1256 2916 1295 2979 il-

210 3023 293 3101 lum,
328 3023 382 3104 qui
404 3023 542 3088 interest
570 3023 655 3087 inter
677 3027 791 3103 poetas
815 3021 957 3088 Graecos
980 3023 1177 3103 Latinosque
1199 3039 1298 3102 supra

211 3127 342 3206 allatos,
372 3144 561 3192 consensum
584 3126 820 3207 contemplatus
843 3127 961 3206 respici
984 3126 1144 3207 quandam
1166 3129 1295 3191 senten-

210 3233 305 3310 tiam,
338 3250 419 3312 quae
442 3230 693 3296 Alexandrinam
721 3230 833 3312 poesin
860 3230 952 3311 quasi
974 3229 1113 3311 patriam
1136 3228 1297 3314 habuerit,

286 3513 312 3583 1)
332 3513 366 3568 cf.
390 3512 468 3568 Pind.
487 3513 521 3567 fr.
541 3515 620 3568 6713.
647 3515 759 3586 ἀοίδιμον
785 3513 905 3588 Πιερίδων
933 3517 1063 3588 προφάταν
1088 3523 1115 3569 et
1140 3513 1173 3568 fr.
1195 3517 1245 3568 127
1265 3515 1297 3569 B.

213 3602 343 3674 μαντεδεο,
361 3600 454 3666 Μοῖσα,
473 3603 640 3674 προφατεὺσω
661 3603 748 3675 δ’ἐγώ;
778 3604 893 3660 Theocr.
905 3605 940 3658 id.
955 3605 1019 3658 XVI
1031 3607 1082 3674 29;
1111 3603 1189 3658 XVII
1200 3605 1250 3658 115
1262 3603 1297 3658 ul.

284 3692 312 3761 2)
331 3692 402 3746 hene
421 3693 549 3746 Greuzeri
568 3695 731 3748 sententiam
754 3709 808 3749 non
832 3709 965 3762 nusquam
989 3695 1175 3762 impugnatam
1200 3699 1297 3748 contra

212 3780 380 3835 Deitersium
412 3780 468 3850 (die
487 3781 648 3850 Verehrung
674 3775 722 3837 der
739 3783 837 3838 Museo
864 3782 910 3836 bei
937 3781 990 3837 den
1008 3781 1154 3850 Grieehen,
1184 3782 1297 3836 Bonnae

214 3873 291 3938 1868,
310 3885 338 3937 p.
359 3871 474 3939 13-20)
494 3870 581 3926 denuo
600 3887 671 3926 nunc
689 3870 811 3926 defendit
829 3871 966 3940 Roediger
993 3872 1033 3942 (in
1051 3871 1233 3927 Fleckeisenii
1251 3888 1297 3927 an·

212 3961 266 4014 nal.
281 3959 370 4027 suppl.
383 3958 449 4012 VIII
466 3975 493 4027 p.
507 3959 589 4030 253);
608 3959 641 4015 cf.
661 3967 806 4028 praeterea
825 3961 899 4014 Jahn
917 3961 946 4014 in
963 3960 1054 4016 Persii
1073 3961 1193 4015 editione
1210 3975 1238 4028 p.
1252 3962 1296 4030 75,

211 4047 377 4116 interpretes
397 4047 537 4102 Theocriti
555 4048 569 4101 I
587 4051 611 4116 9,
630 4048 700 4104 Voss
720 4049 755 4103 ad
773 4047 924 4118 Vergilium
942 4050 992 4103 ecl.
1011 4049 1103 4103 11185
1123 4048 1157 4104 al.

288 4137 316 4206 3)
335 4143 366 4190 ut
384 4137 459 4190 λάλον
472 4136 541 4210 ὕδωρ
554 4139 719 4193 Anacreont.
735 4141 767 4192 13
781 4139 825 4208 (11
840 4137 884 4209 Β.)
903 4138 937 4193 de
950 4137 1025 4193 fonte
1039 4137 1143 4207 Olari03
1164 4137 1297 4193 cf.N011n.

214 4226 296 4280 Dion.
315 4225 379 4279 XLI
398 4230 449 4280 222
478 4227 511 4282 de
529 4225 605 4283 fonte
623 4226 737 4298 Pythi03
768 4227 802 4281 de
820 4227 941 4284 Hesiodo
960 4226 995 4282 ef,
1013 4228 1095 4281 etium
1113 4227 1219 4282 Luciau
1237 4226 1297 4282 adv.

212 4315 351 4371 indoctum
370 4332 392 4371 c.
404 4319 429 4370 3.
