2806 4808
620 353 759 413 .4o

283 521 429 602 Denique
465 521 589 602 optime
622 540 694 588 cum
715 521 883 603 Propertio
907 520 1046 601 quadrat
1069 539 1200 588 carmen
1221 520 1286 586 Pe·

197 627 295 693 tronii
318 630 359 691 38
382 625 418 690 B.
439 626 541 709 (anth.
567 627 638 692 Lat.
665 631 727 691 698
750 625 802 708 R.)
827 645 844 690 e
868 624 995 690 Graeco
1013 625 1188 707 exemplari
1211 625 1284 692 sine

197 730 293 798 dubio
318 748 521 813 expressum,
553 729 609 796 ubi
631 731 730 796 Amor
760 730 972 796 dormientem
993 735 1124 811 poetam
1146 730 1287 797 suscitat

198 841 296 917 atque
319 835 361 900 ad
383 834 525 916 puellam
548 834 635 900 ducit
647 835 680 917 ¹).

286 939 368 1005 Huic
401 939 535 1005 carmini
579 944 788 1005 annectamus
820 938 958 1023 elegiam
980 938 996 1001 l
1020 943 1056 1019 3,
1087 936 1177 1002 cuius
1199 937 1287 1002 ratio

205 1052 237 1112 et
260 1051 483 1128 argumentum
503 1063 563 1108 non
586 1063 649 1110 uno
672 1043 798 1109 nomine
822 1042 926 1108 simile
950 1058 1008 1108 sua
1023 1047 1137 1124 sponte
1154 1042 1220 1108 iam
1243 1042 1287 1108 ad

198 1150 406 1216 tractandum
427 1150 560 1216 invitat:
591 1155 688 1230 poeta
719 1146 827 1214 ebrius
853 1147 903 1213 ad
924 1147 1100 1230 puellae
1124 1149 1288 1214 lectum

199 1254 389 1335 accedit,
421 1254 632 1320 dormientem
669 1272 741 1319 cum
770 1252 910 1334 antiquis
940 1252 1082 1318 heroinis
1108 1259 1287 1336 comparat,
1378 1253 1379 1328 ἴ

199 1360 255 1425 illa
279 1358 508 1443 expergefacta
533 1377 606 1425 eum
629 1358 669 1424 de
692 1356 826 1440 perfidia
850 1357 1011 1443 obiurgat.

287 1464 442 1549 Depingit
463 1464 543 1530 haec
568 1463 692 1548 elegia,
722 1462 755 1526 in
779 1481 841 1544 qua
869 1461 1040 1528 iudicanda
1071 1461 1140 1528 lere
1170 1480 1289 1544 sequor

201 1569 395 1652 Diltheyum,
419 1569 585 1655 graphice,
608 1573 644 1634 ut
668 1568 774 1650 aiunt,
806 1567 912 1632 colore
936 1572 1057 1633 statum
1086 1585 1289 1634 communem

201 1691 305 1754 neque
336 1673 429 1739 ardus
451 1679 567 1755 poetae
599 1672 812 1757 singularem,
845 1671 1069 1753 Propertiique
1092 1690 1189 1738 verae
1213 1692 1288 1738 con·

202 1777 326 1860 ditioni,
351 1778 478 1859 qualem
501 1778 662 1859 exipsius
686 1774 881 1842 carminibus
905 1776 1068 1861 cognitam
1096 1776 1288 1861 habeamur,

203 1882 417 1962 contrarium;
453 1901 527 1947 nam
557 1900 629 1947 cum
661 1881 848 1963 ceteroquin
882 1881 936 1946 ille
960 1881 1122 1948 desiderio
1144 1881 1289 1968 flagran-
1380 1867 1381 1912 5

202 1985 347 2052 tissimus
371 1986 541 2068 Cynthiam
571 1991 723 2067 expertus
754 1990 804 2051 est
828 1985 990 2051 dominam
1014 1985 1135 2052 favoris
1157 1988 1207 2054 sui
1229 2007 1288 2069 po-

202 2093 267 2157 tius
290 2110 433 2174 parcam,
457 2110 554 2173 saepe
578 2109 737 2172 asperam,
762 2108 837 2155 raro
860 2091 965 2171 ipsum
989 2091 1227 2176 admittentem,
1251 2099 1290 2159 ut

203 2196 315 2261 11129
339 2195 399 2260 hac
424 2214 548 2277 quoque
580 2195 612 2259 in
643 2195 748 2279 elegia
777 2201 888 2276 partes
919 2195 1064 2261 videmus
1087 2201 1231 2262 mutatas
1254 2201 1290 2262 et
1381 2217 1382 2220 ¹

204 2301 341 2385 Cynthia
365 2302 451 2386 sola,
483 2299 645 2366 desiderio
669 2301 813 2366 cruciata
839 2306 989 2383 expectat
1012 2299 1134 2366 frustra
1156 2306 1291 2382 poetam

203 2409 326 2473 lentum
359 2411 391 2471 et
422 2405 506 2471 male
545 2405 661 2486 fidum3
694 2411 767 2471 ante
813 2424 924 2472 omnes
962 2405 1123 2486 Propertii
1165 2405 1291 2491 elegias

205 2511 321 2578 deinde
344 2509 466 2576 referta
489 2511 568 2575 haec
592 2517 642 2575 est
665 2510 761 2591 locis,
791 2511 845 2592 qui
868 2510 1003 2575 aliorum
1025 2499 1194 2591 pdetarum
1217 2529 1291 2576 car-

204 2616 324 2682 minum
347 2613 635 2681 commonefaciant
647 2615 794 2697 lectores,
818 2615 904 2679 inter
927 2632 1038 2680 omnes
1051 2615 1190 2680 maxime
1214 2615 1290 2682 doc·
1382 2611 1383 2620 ’

205 2727 259 2786 tae
280 2738 416 2802 pompae
440 2725 537 2801 atque
568 2719 689 2801 speciei
711 2718 903 2802 respondet,
935 2738 997 2784 non
1027 2719 1113 2786 vitae
1148 2720 1290 2805 veritati,

205 2825 307 2908 qualis
331 2823 481 2890 carminis
498 2842 601 2909 genus
617 2824 709 2889 initio
729 2823 840 2890 statim
857 2823 1030 2909 designare
1045 2824 1175 2890 videtur
1191 2830 1291 2906 poeta

206 2930 407 2996 coacervatis
429 2929 634 3010 antiquarum
656 2927 839 2995 fabularum
869 2928 1162 3010 comparationibus
1184 2931 1293 3012 splen-

206 3034 306 3117 didis,
339 3033 480 3100 dilucide
514 3052 549 3098 se
573 3033 729 3115 Cynthiae
752 3032 846 3100 huius
871 3033 1021 3100 carminis
1048 3033 1291 3121 magnificentia
1373 3017 1375 3029 ¹

206 3146 303 3222 atque
330 3137 547 3204 ostentatione
566 3135 707 3203 blandiri
734 3137 817 3204 velle
838 3136 993 3203 indicans.

291 3245 397 3325 Atque
421 3241 513 3307 initio
538 3241 683 3324 quidem,
717 3239 772 3308 ubi
803 3243 943 3325 puellam
973 3242 1186 3308 dormientem
1218 3263 1290 3310 cum

207 3347 349 3413 heminis
381 3345 522 3428 antiquis
554 3351 719 3427 comparat
749 3346 955 3431 Propertius,
987 3345 1170 3414 memineris
1192 3349 1292 3417 moris

206 3594 281 3643 tasse
300 3585 376 3641 nulla
401 3601 462 3640 cum
481 3583 626 3653 Propertio
652 3602 697 3642 rea
716 3595 774 3656 est,
801 3604 861 3642 eum
880 3587 1056 3643 ludibundam
1082 3596 1189 3645 tantum
1208 3597 1291 3660 atque

206 3689 337 3744 nugacem
360 3674 570 3730 translationem
594 3674 795 3733 comissationis
814 3677 952 3732 hominum
972 3678 1007 3734 ad
1025 3680 1141 3735 Amores
1161 3680 1290 3737 exhibere

205 3763 358 3820 videantur.

280 3873 306 3943 1)
325 3871 424 3939 miror,
452 3869 660 3940 Hertzbergium
680 3872 715 3928 ad
733 3873 872 3942 Propertii
891 3890 997 3930 versum
1019 3879 1052 3930 16
1073 3877 1184 3946 „oeulos
1203 3895 1291 3936 move

206 3963 243 4016 rit
262 3961 310 4016 illa
329 3959 442 4028 gravea“
463 3957 610 4015 adnotasse
637 3968 751 4030 „aperta
775 3962 866 4018 Paulli
891 3962 985 4020 Silent.
1005 3965 1123 4023 imitatio
1150 3983 1192 4035 ep.
1211 3968 1250 4022 IX
1273 3974 1286 4024 l

206 4051 291 4121 (anth.
312 4046 413 4104 Palv
436 4048 499 4117 259)
525 4047 629 4119 ὄμματά
653 4067 695 4104 σευ
723 4051 873 4124 papiliones,
902 4053 983 4108 πόθου
1001 4056 1129 4122 restaura,
1158 4055 1291 4129 Χαρικλοῖ,

207 4140 291 4212 οἷάπερ
311 4139 339 4192 ἐκ
358 4138 471 4210 λέκτρων
491 4138 545 4211 ἄρτι
565 4139 751 4213 διεγρομένης“,
770 4157 830 4196 cum
848 4159 902 4197 non
921 4143 1105 4214 Propertium,
1123 4147 1171 4202 sed
1189 4147 1291 4204 Melea·

207 4245 284 4300 grum
304 4228 377 4286 anth.
397 4226 455 4283 Pal.
475 4227 499 4283 V
525 4231 575 4285 175
602 4245 760 4300 expressum
784 4247 844 4289 osse
870 4249 887 4289 a
911 4241 992 4302 poeta
1012 4233 1164 4304 Byzantina
1183 4235 1289 4306 pridem

206 4316 305 4374 viderit
323 4315 476 4374 Jacobsiua.
