2806 4808
658 378 678 436 5

101 558 145 604 ex
170 539 272 606 Ponto
303 541 348 608 IV
372 547 401 622 2,
425 549 467 612 47

245 649 281 710 at
302 652 347 728 tu,
372 647 423 714 cui
445 646 567 714 bibitur
589 647 714 716 felicius
736 649 859 716 Aonius
881 648 954 715 lons

109 748 240 830 aliaque
263 750 424 831 permulta
436 751 482 834 1);
517 752 692 834 eademque
715 752 877 818 sententia
907 754 1035 834 saepius
1064 754 1203 818 occmrit

110 853 200 934 apud
230 854 362 920 serioris
394 857 464 921 aevi
497 861 611 938 poetas
635 855 827 939 Graecos²)‚
861 875 995 938 quonum
1027 876 1201 924 consensus

109 977 175 1039 quo
198 957 293 1024 modo
317 960 523 1041 explicandus
547 961 702 1039 situnne
724 960 898 1026 videamus.

200 1062 394 1145 Saepissime
416 1069 533 1146 poetae
557 1065 618 1130 soli
640 1065 726 1130 circa
748 1063 855 1130 fontes
881 1069 1048 1130 versantes
1078 1063 1201 1130 inflam-

109 1167 286 1232 mationem
310 1168 409 1232 animi
431 1172 528 1249 atque
551 1167 698 1234 adlatum
728 1167 886 1250 quendam
918 1169 1010 1249 qussi
1040 1168 1202 1234 furorisa

115 1270 310 1351 numinibus,
335 1291 469 1360 quorum
492 1273 525 1338 in
548 1273 652 1339 tutela
674 1272 780 1339 fontes
802 1277 921 1352 essent,
944 1273 975 1338 h.
989 1292 1015 1338 e.
1040 1271 1080 1338 ab
1103 1292 1201 1355 aqua·

109 1395 183 1443 rum
211 1377 358 1459 nymphis
387 1377 534 1459 accipere
567 1383 601 1443 et
633 1378 839 1464 νυμφόληπτοι
875 1394 947 1442 esse
978 1375 1203 1458 cogitabantur

110 1481 199 1572 (vide
227 1481 397 1547 Lehrsium
430 1483 605 1564 populaere
627 1481 801 1548 Aulsaetze
833 1499 891 1546 aus
922 1480 996 1545 dem
1017 1480 1201 1546 Alterthum

110 1605 142 1666 p.
157 1589 217 1650 126
230 1603 297 1667 sqq.
316 1585 474 1652 editionis
489 1586 544 1668 ΙΙ).
590 1584 803 1651 Artificiosius
827 1584 942 1649 deinde
966 1583 1097 1650 serioris
1119 1587 1200 1648 tem·

110 1689 201 1773 poris
224 1690 409 1771 scriptores,
432 1691 607 1772 inspiratos
630 1708 702 1756 esse
724 1694 838 1771 poetas
861 1707 899 1752 eo
922 1685 1094 1769 fingebant,
1116 1687 1202 1769 quod

110 1793 254 1875 ipsorum
278 1794 413 1861 fontium
437 1813 600 1862 sacrorum
623 1813 707 1876 aqua
730 1792 771 1860 ab
794 1793 841 1858 ais
864 1790 1074 1858 hauriebatur
1094 1810 1199 1856 exem·

108 1898 200 1978 plum
223 1898 343 1964 secutis
365 1899 610 1980 prophetarum,
637 1897 692 1979 qui
715 1897 845 1963 oracula
867 1896 986 1962 edituri
1010 1914 1125 1978 aquam
1148 1915 1199 1962 sa·
1249 1980 1251 1985 ,

110 2022 201 2068 cram
224 2002 373 2068 solebant
393 2002 505 2070 bibere
517 2002 553 2085 ³).
598 2003 648 2068 Ad
662 2003 723 2068 hoe
735 2001 919 2084 figmentum
935 2019 973 2066 eo
989 2001 1114 2066 facilior
1129 2006 1200 2066 erat

109 2107 279 2186 transitus,
303 2108 388 2189 quod
411 2112 445 2173 et
465 2113 591 2189 poetae,
615 2107 780 2172 Musarum
802 2106 1007 2187 interpretes,
1031 2107 1095 2172 iam
1114 2106 1199 2172 anti·

118 2279 280 2287 —u—--.-.-
301 2281 326 2286 ...

185 2369 213 2439 1)
229 2369 262 2424 cl.
283 2369 400 2424 Statium
419 2371 477 2424 silv.
497 2370 522 2424 V
544 2373 568 2440 3,
584 2374 600 2425 2
621 2369 813 2439 „lamentabile
832 2384 940 2424 carmen
959 2367 1054 2438 Elysio
1073 2367 1199 2424 delente

108 2459 148 2513 da
168 2457 269 2527 mihi“;
289 2458 323 2513 cf.
337 2477 360 2513 ν.
376 2463 427 2514 122
440 2475 479 2528 eq.
507 2476 573 2529 „ora
591 2461 687 2514 imbuit
707 2474 785 2514 amne
804 2474 883 2514 sacro
902 2459 957 2513 iam
977 2465 1035 2512 tum
1053 2458 1104 2511 tibi
1122 2457 1198 2511 blan·

108 2547 164 2602 dus
191 2548 324 2616 Apollo“;
352 2547 438 2602 Theb.
458 2549 569 2604 111455
599 2549 739 2617 „dubium,
769 2549 812 2602 cui
837 2548 934 2602 dexter
953 2547 1068 2614 Apollo,
1097 2562 1199 2615 oraque

110 2636 255 2706 Cyrrhaea
281 2637 394 2691 satiarit
417 2637 522 2705 largius
550 2637 656 2707 unda“;
687 2637 720 2691 cl.
749 2637 848 2692 ibidem
873 2637 911 2691 IV
930 2640 982 2705 383
1009 2636 1140 2689 Achilli
1168 2639 1199 2706 93

107 2725 174 2780 Juv.
203 2724 255 2778 VII
278 2727 330 2796 583
358 2726 441 2780 Mart.
461 2726 558 2793 XII3,
579 2730 611 2780 13
637 2734 664 2780 et
690 2731 732 2792 11,
752 2729 786 2795 2;
819 2725 895 2780 anth.
920 2725 982 2778 Lat.
1007 2727 1059 2778 483
1086 2724 1119 2778 R.
1147 2725 1197 2792 in.;

110 2813 255 2868 Claudiam.
276 2815 356 2882 epist.
375 2814 411 2868 ad
429 2814 577 2870 Probinum
596 2819 686 2885 v.13;
705 2813 859 2870 Nemesion.
877 2829 970 2884 cyneg.
984 2816 1018 2882 53
1037 2814 1093 2868 alia
1112 2828 1199 2868 exem·

99 2899 160 2972 'pla
178 2903 288 2957 exhibet
308 2903 514 2972 Hertzbergius.

184 2992 212 3061 2)
232 2990 266 3047 cf.
287 2991 396 3047 Nestor.
417 2993 491 3046 anth.
510 2992 570 3046 Pal.
589 2992 629 3046 IX
648 2994 701 3047 364
732 2992 800 3046 ὅσσοι
818 2994 863 3065 γὰρ
883 2991 1014 3046 ποθέουσιν
1042 2991 1094 3060 (sie
1122 2989 1199 3045 Reis-

109 3080 175 3134 kiue
195 3095 246 3147 pro
265 3080 425 3152 προχέουσιν)
443 3079 591 3134 ἀοιδοτόκου
610 3081 681 3150 πόμα
699 3085 796 3152 πηγῆς
815 3081 909 3149 Antip.
929 3080 1025 3134 Thess.
1044 3078 1120 3133 anth.
1137 3078 1196 3132 Pal.

108 3170 151 3224 XI
171 3173 207 3224 20
234 3171 329 3242 κρήνης
348 3169 372 3231 ἐξ
392 3171 460 3242 ἱερῆς
478 3171 559 3224 πίνετε
577 3170 646 3224 λιτὸν
665 3169 752 3241 iidem
784 3170 859 3224 anth.
878 3168 938 3223 Pal.
956 3167 1008 3223 XV
1026 3170 1077 3236 as;
1106 3170 1139 3221 18
1168 3169 1196 3220 oh

111 3259 160 3312 o’d
178 3259 243 3312 πιὼν
262 3259 397 3331 aphonites,
416 3260 447 3332 ἣν
464 3261 511 3318 ἶνις
529 3260 626 3332 ablate
646 3257 776 3331 Γοργόνος.

183 3349 212 3416 3)
231 3347 265 3401 ef.
285 3348 350 3402 Tac.
369 3364 432 3403 aun.
451 3349 478 3402 11
498 3348 705 3418 14(νοοονι1οο)
739 3349 783 3418 ,iu
802 3362 913 3417 specum
932 3348 1076 3416 degressus
1094 3347 1196 3401 hausta

111 3438 198 3494 fontia
218 3437 312 3491 arcani
331 3452 403 3506 aqna
422 3477 428 3490 .
449 3477 455 3491 .
475 3478 481 3492 .
501 3437 558 3492 edit
577 3440 725 3506 responsa“
755 3437 789 3492 de
807 3437 945 3506 Apollinis
965 3436 1049 3491 Clarii
1078 3437 1199 3504 oraculo,

109 3527 144 3580 de
170 3542 224 3594 quo
254 3526 315 3580 vide
343 3526 517 3582 Welckerum
545 3526 580 3581 ad
608 3527 808 3583 Philostratum
834 3542 861 3596 p.
880 3528 932 3580 366
962 3531 990 3579 et
1013 3524 1199 3579 Iambliohum.

108 3616 225 3685 Myster.
244 3615 321 3669 1112
350 3615 379 3668 τὸ
404 3615 430 3668 δὲ
457 3617 482 3668 ἐν
510 3613 649 3689 Κολοφῶνι
675 3625 790 3686 μαντεῖον
816 3615 973 3686 ὁμολογεῖται
996 3615 1064 3686 παρὰ
1085 3620 1144 3667 πᾶσι
1168 3613 1199 3666 δι’

108 3704 201 3762 ὕδατος
229 3705 415 3776 χρηματίζειν·
444 3705 505 3758 εἶναι
531 3707 578 3779 γάρ
602 3709 685 3779 πηγὴν
715 3708 740 3760 ἐν
768 3705 831 3778 οἴκῳ
851 3685 976 3775 καταρε1ῳ
993 3705 1036 3758 καὶ
1061 3703 1103 3756 ἀπ’
1123 3702 1200 3756 αὐτοῦ

107 3795 185 3846 πίνειν
205 3792 249 3845 τὸν
268 3795 417 3866 προφήτην;
446 3794 481 3848 de
498 3795 598 3866 Pythia
624 3793 711 3866 aquae
729 3796 830 3850 haustu
849 3794 968 3849 divinum
986 3791 1107 3848 furorem
1129 3792 1199 3849 acci-

106 3884 202 3952 piente
221 3881 283 3936 vide
301 3882 411 3937 Ulriehe
431 3882 532 3938 Reiseu
551 3884 605 3938 und
623 3885 819 3954 Forsehungen
837 3885 866 3938 in
879 3880 1079 3940 Grieohenland
1098 3881 1150 3949 Ip.
1163 3883 1198 3934 82

106 3978 243 4039 notaeque
261 3988 288 4040 p.
302 3974 353 4025 100
372 3979 399 4026 et
412 3972 568 4041 Kortegarn
587 3972 620 4028 de
639 3974 735 4030 tabula
749 3973 887 4040 Archelai,
906 3973 1017 4027 Bonnae
1031 3972 1100 4024 1862
1113 3985 1139 4038 p.
1149 3973 1199 4039 103

106 4061 142 4117 de
163 4060 269 4130 Sibylla
297 4061 429 4129 inspicias
447 4061 569 4118 Klausen
587 4065 694 4118 Aeneas
717 4064 772 4118 und
791 4063 835 4118 die
852 4063 974 4118 Penaten
996 4076 1023 4130 p.
1042 4061 1199 4124 208-226;

106 4150 141 4205 ef.
162 4151 246 4206 etiam
264 4150 394 4222 hymnum
419 4151 448 4205 in
468 4152 623 4221 Apollinem
642 4169 659 4207 a
678 4153 832 4224 Porphyrio
856 4151 889 4206 de
914 4158 993 4206 antro
1012 4148 1120 4220 nymph.
1140 4164 1162 4203 e.
1182 4151 1199 4203 8

108 4245 255 4307 servatum,
284 4255 362 4308 quem
382 4241 514 4296 tractavit
532 4241 625 4309 Bergk
643 4242 693 4312 lyr.
708 4241 755 4297 Gr.
776 4259 802 4315 p.
817 4243 886 4296 1319
905 4238 1031 4294 editionis
1048 4237 1089 4292 III
1107 4238 1198 4307 (quar

109 4337 167 4384 tam
186 4329 263 4384 adire
282 4344 336 4384 non
354 4329 453 4399 potui).
1042 4325 1046 4332 '
