2806 4808
746 404 786 463 32

223 559 323 623 drinis
343 560 447 640 poetis
462 559 589 641 debent,
614 581 633 627 a
649 581 781 644 qnorum
796 563 903 644 aliquo
919 564 1044 629 assecla
1058 564 1315 646 pulcherrimum

221 663 376 730 traditum
399 669 449 730 est
472 666 666 747 exemplum:
695 665 734 731 cf.
759 667 987 733 Pseudothocr.
1011 668 1121 733 XXIII
1144 674 1183 733 28
1207 687 1279 751 sqq.

307 768 411 834 καὶτὸ
436 772 520 856 ρύὸον
543 771 634 834 καλόν
658 771 728 850 ἐστι,
753 768 802 833 καὶ
827 773 842 833 ύ
865 773 971 858 χρόνος
995 770 1066 835 αὐτὸ
1091 772 1226 858 μαραίνει

305 875 354 940 καὶ
377 875 409 940 τὸ
432 874 475 940 ίον
498 877 587 939 καλύν
611 877 687 939 ἐστιν
711 877 741 939 ἐν
764 874 849 962 εἴαρι,
873 876 923 940 καί
945 876 1021 962 ταχύ
1045 876 1147 962 γηρᾷ·

307 980 358 1046 καί
380 980 489 1054 κάλλος
511 983 601 1045 καλύν
625 983 687 1045 ἐστι
710 980 742 1044 τύ
765 982 914 1063 παιδικὸν,
938 980 1000 1046 ἀλλ’
1031 983 1129 1067 ὀλίγον
1155 987 1191 1069 ζῇ

220 1106 314 1168 quem
335 1087 479 1154 imitatus
502 1092 553 1152 est
575 1087 787 1154 Nemesianus
811 1089 868 1154 ecl.
893 1088 938 1154 IV
968 1093 1006 1154 21
1026 1108 1095 1173 sqq.
1122 1090 1206 1168 (vide
1229 1089 1314 1155 Kai-

218 1191 271 1257 bel
293 1192 429 1258 Hermes
455 1197 537 1258 1882
561 1213 590 1274 p.
616 1193 703 1276 419).

310 1299 426 1362 Amore
448 1317 523 1362 vero
545 1296 655 1363 fruens
677 1303 774 1378 poeta
803 1301 910 1378 optat,
941 1303 978 1363 ut
1008 1298 1111 1364 luna
1144 1303 1312 1364 morata

219 1409 379 1467 noctem
406 1403 626 1468 extendat.
672 1401 720 1467 Cf.
744 1403 839 1483 Prop.
862 1402 908 1467 IV
932 1407 983 1481 20,
1010 1407 1048 1465 13
1072 1421 1140 1483 sqq.

305 1525 367 1570 nox
388 1506 466 1571 mihi
489 1508 593 1588 prima
615 1507 720 1586 venIt,
744 1508 867 1588 primae
890 1507 966 1572 date
989 1514 1136 1590 tempora
1159 1510 1283 1575 noctis:

348 1611 473 1693 longius
496 1613 529 1676 in
550 1613 663 1693 primo,
686 1613 787 1691 Luna,
811 1630 937 1676 morare
958 1617 1040 1692 toro,

304 1723 340 1783 tu
363 1734 497 1798 quoque,
522 1717 575 1797 qui
598 1717 738 1781 aestivos
762 1717 935 1797 spattosius
958 1718 1058 1799 exigis
1078 1719 1178 1800 ignes,

346 1819 483 1901 Phoebe,
506 1825 691 1886 moraturae
714 1821 868 1885 contrahe
890 1821 971 1886 lucis
992 1822 1064 1901 iter,

218 1927 288 1993 loco
311 1946 390 2008 prae
413 1927 531 1992 ceteris
548 1926 838 1992 Alexandriuorum
854 1926 1015 2008 ingenium
1030 1928 1185 2008 sapiente.
1219 1928 1305 2006 Quin

217 2032 318 2114 ipsius
342 2031 531 2097 Callimachi
561 2037 612 2098 est
643 2030 820 2109 sententia,
854 2036 891 2095 ut
920 2036 1009 2096 recte
1038 2037 1147 2096 monet
1168 2032 1304 2116 Dilthey
1396 2081 1397 2112 ι

219 2137 415 2220 upupae
453 2137 674 2202 demonstrata
714 2136 911 2201 Aristaeneti
954 2138 1147 2219 paraphrasi
1186 2138 1304 2203 ἅπαντα

220 2239 299 2306 δὀύν
323 2242 404 2326 ὅμως
435 2241 588 2328 βραδύνειν
619 2242 718 2304 ἐδόκει
746 2245 789 2325 τῷ
810 2238 973 2326 Ἀκοντίῳ,
1006 2241 1056 2305 καί
1085 2242 1153 2307 οὔτε
1184 2248 1301 2333 ἡμέραν

220 2347 333 2433 ἐκείνης
364 2349 482 2434 ἐνόμισε
513 2348 694 2435 μακροτέραν
706 2349 730 2432 ¹)
763 2349 928 2435 ἑωρακέναι
951 2348 1018 2413 ούτε
1040 2350 1131 2414 νύκτα
1155 2355 1304 2440 βραχυτέ-

218 2479 270 2540 ραν
293 2461 346 2538 τῆς
367 2453 469 2526 νυκτὸς
492 2455 614 2540 ἐκείνης,
638 2457 686 2521 Ita
708 2461 745 2521 ut
768 2454 909 2522 dubitari
931 2464 1086 2538 nequeat,
1111 2477 1193 2539 quae
1215 2463 1301 2527 ratio
1338 2480 1340 2484 ·
1395 2463 1396 2470 ’

216 2560 397 2627 intercedat
433 2562 518 2627 inter
549 2562 752 2643 Propertium
788 2565 886 2642 atque
914 2561 1049 2627 Paulum
1080 2562 1301 2631 silentiarium

216 2666 305 2730 anth.
329 2667 397 2732 Pol.
421 2665 451 2730 V
474 2672 536 2733 283

352 2771 483 2856 μέμφετο
507 2770 673 2856 μελλούσης
697 2769 821 2855 ἄγγελον
845 2773 1000 2856 ἠριπύλης.

304 2875 389 2941 οὐδὲν
413 2877 585 2962 ἐφημερίοις
607 2877 812 2962 καταθύμιον·
836 2875 864 2940 εἴ
884 2902 926 2948 τις
945 2875 1090 2962 Ἐρώτων

347 2982 456 3068 λάτρις,
479 2983 585 3054 νύκτας
607 2982 686 3069 ἔχειν
711 2984 812 3068 ὤφελε
835 2981 1009 3067 Κιμμερίων
1020 2981 1055 3065 ²).

215 3088 259 3153 Et
281 3087 419 3154 fortasse
442 3090 646 3154 Aristaeneto
670 3089 814 3155 ornatius
840 3089 929 3154 illam
959 3090 1151 3154 sententiam
1183 3107 1297 3154 execu-

215 3197 268 3258 tus
292 3193 507 3260 Callimachus
529 3195 699 3261 Acontium
729 3195 835 3259 Solem
865 3193 1061 3274 Noctemque
1094 3192 1144 3257 vel
1173 3194 1299 3258 Lunam

216 3296 362 3377 pluribus
392 3297 499 3364 verbIs
536 3299 762 3379 adloquentem
793 3296 879 3363 fecit.
937 3297 984 3364 Cf.
1014 3295 1224 3363 Claudianum
1255 3296 1298 3361 de
1391 3249 1394 3360 ί

215 3404 336 3485 nuptiis
358 3404 493 3470 Honorii
515 3411 549 3470 et
570 3405 694 3472 Mariae
719 3410 758 3469 14
782 3423 828 3487 sq.

302 3511 430 3578 incusat
452 3531 526 3593 apes
549 3531 646 3594 aegra
668 3529 776 3576 moras
797 3511 946 3594 longique
968 3509 1117 3575 videntur

302 3624 391 3684 stare
414 3618 484 3684 dies
507 3636 700 3700 segnemque
722 3621 829 3682 rotam
850 3635 913 3682 non
935 3614 1064 3682 flectere
1086 3612 1214 3680 Phoebe

214 3728 248 3788 et
271 3727 333 3790 288

344 3829 536 3911 tardumque
560 3829 649 3911 cupit
671 3828 836 3894 discedere
859 3828 959 3893 solem

216 3934 319 4000 Nonn.
342 3933 435 3999 Dion.
460 3934 522 3999 VH
544 3938 607 3998 284

211 4103 416 4114 *—

288 4211 315 4280 1)
333 4210 367 4266 cf.
385 4211 466 4280 Apul.
485 4218 547 4267 met.
566 4210 631 4266 VIII
648 4213 666 4265 8
698 4209 747 4280 „de
766 4208 821 4264 diei
838 4209 929 4278 spatio
947 4215 974 4264 et
992 4223 1122 4278 vesperae
1140 4224 1292 4279 moraque

213 4298 352 4355 rebatur“.

283 4391 311 4458 2)
329 4391 468 4445 Iacobsius
487 4393 541 4446 iam
559 4391 728 4458 comparavit
745 4387 935 4443 Macedonium
952 4388 1026 4444 anth.
1045 4387 1104 4441 Pal.
1122 4387 1147 4440 V
1164 4392 1223 4442 223,
1369 4431 1391 4792 ρ
