2806 4808
637 325 678 385 55

113 498 227 560 artem
248 491 342 556 malis
365 491 428 557 sibi
457 493 607 575 apuella
641 493 727 560 datis
769 497 935 577 suspicans
959 495 1014 580 (ib.
1041 498 1137 579 290);
1171 496 1205 559 in

115 615 159 662 se
183 596 289 662 omnia
312 597 439 664 Amoris
471 598 539 664 tela
561 605 750 681 consmnpta
784 618 855 666 esse
894 601 1005 666 dolens
1028 599 1083 684 (ib.
1108 602 1208 683 268);

115 702 253 785 Tantah
265 699 289 786 ¹)
321 721 435 784 rupem
473 703 616 769 timentis
653 711 814 771 tormenta
853 705 975 771 leviora
1008 723 1078 771 esse
1112 723 1207 786 quam

116 807 282 890 amantis,
315 807 369 889 qui
390 808 531 889 puellam
552 815 758 890 praesentem
782 810 922 875 osculari
942 815 1099 892 nequeat,
1134 828 1207 874 con·

115 911 261 978 tendens
285 910 341 994 (ib.
367 913 459 996 236);
482 913 515 977 in
539 913 648 980 oculos
670 920 706 979 ut
728 913 866 980 infelicis
890 913 1008 980 amoris
1029 912 1137 996 reos‘l)
1161 914 1208 978 in-

117 1021 236 1082 vectus
268 1014 324 1098 (ib.
348 1016 425 1099 226)
461 1017 534 1082 alia.
589 1018 732 1083 Eventus
767 1037 908 1101 quoque,
943 1037 1021 1100 quos
1054 1016 1209 1084 describit

117 1127 223 1205 poeta
244 1123 451 1206 Byzantium,
475 1124 562 1190 velut
585 1125 762 1190 amantium
785 1126 949 1207 amplexus
972 1126 1042 1207 ille,
1077 1124 1131 1205 quui
1153 1123 1210 1188 de·

119 1228 271 1311 pingitur
314 1228 402 1294 anth.
426 1228 547 1294 Pal.V
579 1233 641 1294 255
671 1230 724 1312 (01.
756 1230 837 1311 272;
871 1235 951 1310 275;
985 1231 1081 1314 286),
1114 1235 1210 1311 atque

122 1333 312 1399 comissatio
336 1335 518 1398 amantiss
542 1335 651 1415 puella
675 1355 758 1416 aqua
780 1334 905 1417 perfusi
927 1334 983 1419 (ib.
1009 1335 1096 1418 281),
1119 1333 1212 1400 fictos

122 1455 199 1504 esse
230 1437 334 1520 primo
370 1438 483 1503 statim
506 1438 670 1504 oculorum
693 1437 808 1504 obtutu
829 1439 1018 1523 intelleges3
1054 1438 1122 1503 fere
1145 1457 1210 1503 om-

120 1542 222 1606 niaa
249 1541 338 1607 vitae
362 1542 500 1607 veritate
532 1548 676 1625 remota,
707 1543 813 1608 omnia
844 1543 892 1610 ita
916 1548 1105 1624 comparata
1127 1549 1211 1626 sunt,

121 1651 162 1712 ut
178 1644 325 1711 omnibus
347 1646 452 1727 poetis
465 1647 631 1713 amatoriis
655 1653 872 1714 consentanea
891 1649 976 1727 sint3
1000 1647 1080 1712 nihil
1100 1647 1211 1730 nativi,

120 1750 205 1816 nihil
244 1749 331 1831 novi,
373 1750 451 1814 nihil
489 1751 612 1833 proprii
641 1751 800 1834 invenies,
832 1752 939 1818 omnia
970 1751 1212 1818 accommodata

124 1855 170 1922 ad
193 1855 388 1921 veteriorum
410 1860 576 1921 auctorum
597 1856 771 1941 ingenium.

213 1959 328 2040 Itaque
352 1979 424 2025 cum
446 1958 565 2026 Paulus
588 1961 719 2043 propius
743 1961 785 2027 ad
807 1961 913 2026 fontes
937 1978 1012 2026 suos
1035 1960 1216 2026 accesserit·

125 2072 160 2132 et
184 2064 333 2130 servilius
358 2064 524 2145 artiusque
549 2083 622 2130 sese
646 2065 688 2130 ad
711 2065 889 2130 vetustiora
903 2065 1046 2142 carmina
1070 2064 1212 2146 applica-

124 2171 221 2253 verit,
245 2169 434 2252 Propertius
456 2188 532 2235 vero
554 2168 688 2236 liberius
712 2175 809 2254 atque
827 2170 963 2235 solutius
988 2175 1020 2234 et
1042 2187 1135 2235 veros
1158 2187 1213 2233 ne-

126 2294 190 2360 que
221 2294 259 2340 ex
288 2275 354 2341 ullo
384 2275 447 2339 alio
478 2279 575 2356 poeta
605 2273 792 2357 desumptos
826 2293 939 2340 sensus
971 2274 1075 2340 vivaci
1107 2273 1214 2340 001010

126 2381 336 2463 expresserit,
360 2385 393 2445 01
415 2380 598 2461 potentiore
622 2398 717 2460 quam
739 2380 910 2462 Byzantini
938 2385 1055 2460 poetae
1084 2378 1214 2463 ingenio

125 2493 227 2568 atque
250 2484 367 2568 spiritu
388 2484 548 2567 incensus,
572 2484 704 2550 assidua
727 2490 894 2550 auctorum
916 2502 1057 2567 suorum,
1081 2502 1216 2566 quorum

127 2592 261 2676 linguae
285 2596 356 2656 erat
378 2589 613 2672 peritissimus,
636 2587 837 2654 lectitatione
852 2588 994 2654 nutritus
1018 2587 1124 2653 aliena
1146 2587 1214 2668 ple·

126 2714 263 2777 rumque
286 2715 344 2762 sua
359 2693 484 2777 fecerit,
506 2700 543 2760 ut
553 2693 685 2784 propria
699 2693 834 2758 assimili
852 2693 979 2759 ratione
1000 2693 1214 2775 usurpaverit,

127 2801 312 2882 similiaque
335 2799 579 2865 inveniendi
612 2816 737 2879 quoque
772 2797 962 2864 facultatem
993 2796 1057 2863 sibi
1079 2816 1215 2878 parave-

131 2903 230 2990 rit³),
255 2921 426 2970 caveamus
449 2921 583 2969 necesse
607 2908 674 2985 est,
708 2921 748 2968 ne
781 2908 953 2984 perspecta
984 2902 1048 2967 levi
1077 2901 1216 2983 quadam

128 3009 301 3078 verborum
332 3008 541 3075 simihtudine
575 3007 687 3074 statim
717 3026 756 3072 ex
785 3007 854 3089 ipso
877 3007 1046 3089 Propertio
1069 3004 1216 3074 hausisse

130 3115 269 3181 Paulum
290 3113 478 3179 iudicemus.

219 3216 343 3284 Deinde
366 3215 508 3283 notabile
532 3222 593 3299 est,
617 3214 702 3298 quod
725 3233 781 3281 eas
803 3220 939 3299 tantum,
964 3236 1099 3298 quarum
1120 3235 1217 3301 argu·

131 3329 243 3391 menta
265 3323 458 3408 pervulgata
481 3327 579 3404 atque
608 3321 688 3387 trita
710 3320 811 3387 fuisse
834 3320 920 3402 apud
942 3326 1057 3403 poetas
1080 3321 1218 3386 Alexan·

133 3429 244 3495 drinos
267 3427 442 3510 docuimus,
467 3427 590 3511 elegias
614 3445 686 3491 cum
708 3425 800 3490 Pauli
823 3425 1066 3510 epigrammatis
1091 3444 1218 3507 eompa-

130 3537 227 3600 rant:
263 3532 402 3617 elegiam
424 3532 440 3596 l
463 3535 480 3595 2
505 3549 576 3596 cum
598 3528 699 3595 Paulo
723 3529 811 3594 anth.
833 3528 901 3593 Pal.
925 3529 954 3593 V
976 3532 1058 3608 2703
1082 3529 1218 3610 Proper-

208 3755 234 3826 1)
254 3760 314 3810 erat
332 3753 522 3822 proverbialis,
541 3759 572 3806 ut
590 3751 663 3821 apud
675 3757 822 3820 nostrates,
842 3750 882 3805 sio
899 3751 972 3820 apud
991 3757 1097 3808 vetares
1110 3752 1219 3808 locutio.

134 3843 168 3899 cf.
188 3843 310 3899 Leutsch
327 3858 448 3914 paroem.
467 3841 562 3898 Graec.
582 3841 609 3896 11
627 3857 653 3910 p.
674 3843 726 3896 657
746 3857 784 3912 sq.
805 3841 911 3897 01772.

210 3934 238 4003 2)
258 3932 291 3988 of.
311 3931 451 3987 Addenda.

209 4022 237 4093 3)
256 4022 290 4078 01.
310 4021 456 4078 Paldamns
475 4021 638 4078 Roemische
655 4021 762 4090 Erotilr¹
781 4037 807 4090 p.
828 4023 877 4092 483
907 4021 1037 4076 Huschke
1055 4021 1134 4089 epist.
1161 4022 1221 4078 crit.

136 4130 163 4183 p.
184 4113 215 4184 53
240 4112 337 4168 Rohde
355 4112 432 4167 Rom.
460 4129 487 4181 p.
509 4111 559 4167 123
579 4128 635 4182 sq.,
662 4112 709 4181 qui
727 4111 792 4167 licet
811 4113 883 4167 iusto
902 4111 1043 4178 licentius,
1076 4111 1223 4168 Corinnam

139 4203 229 4260 Ovidii
247 4219 393 4272 personam
405 4201 611 4258 omninofictam
620 4217 680 4257 esse
693 4201 847 4270 contendat,
862 4202 963 4270 optime
973 4207 1064 4256 tamen
1079 4201 1223 4272 distinguit

138 4295 211 4349 inter
232 4294 367 4350 amatoria
381 4291 470 4346 Ovidii
489 4297 640 4348 commenta
659 4298 740 4360 atque
759 4289 862 4346 Tibulli
881 4291 1073 4362 Propertiique
1092 4298 1185 4349 artem.
1224 4309 1227 4314 ’
