2806 4808
718 325 757 382 14

192 499 258 558 tum
281 513 311 572 p.
330 495 391 553 266
415 495 449 553 et
472 509 500 569 p.
520 494 592 566 666,
617 487 849 572 Hertzlrergius
873 491 913 554 ad
936 491 1148 570 Propertium,
1173 491 1278 554 lach-

190 615 325 661 maunus
349 595 390 660 ad
410 593 545 674 PropV
562 599 592 673 4,
610 599 661 672 32,
686 594 855 676 Diltheyus
879 595 955 676 Oyd.
970 614 1000 675 p.
1015 600 1054 658 56
1078 600 1112 660 et
1133 595 1167 658 in
1182 613 1279 676 prae·

193 700 314 766 latione
339 699 379 764 ad
402 698 567 763 Musaeum
590 717 620 778 p.
634 698 673 776 ll,
698 698 841 762 ltohdius
863 699 953 762 Rom.
976 717 1007 779 p.
1025 703 1085 762 149
1110 718 1138 762 n.
1158 702 1187 777 2,
1212 699 1280 763 alii.

280 805 420 881 Quarum
452 802 684 868 sententiarum
720 803 856 867 alteram
879 801 1104 868 Alexandrinis
1137 803 1280 869 auctori-

192 908 252 974 bus
282 916 370 973 recte
402 907 644 972 vindicaverunt
673 907 733 971 viri
763 906 867 986 docti,
901 907 990 972 illam
1020 907 1143 972 scilicet
1175 906 1282 990 ,oculi

194 1012 324 1078 suntin
351 1029 459 1076 amore
483 1009 611 1088 duces“‚
636 1009 772 1076 alteram
795 1011 972 1077 veteriores
993 1016 1106 1092 poetas
1123 1011 1285 1092 posterio-

194 1115 284 1182 ribus
309 1116 501 1193 tradidisse,
526 1114 657 1179 credere
678 1115 731 1179 vix
753 1134 894 1197 possum,
919 1135 989 1181 curn
1014 1116 1154 1181 omnium
1179 1117 1283 1182 omnis

195 1221 263 1286 fere
297 1221 367 1286 aevi
401 1225 569 1300 poetarum
602 1221 776 1285 communis
807 1221 851 1286 sit
887 1221 1064 1300 sententia,
1104 1226 1283 1286 amatorem

194 1326 322 1408 puellae
348 1330 474 1389 amatae
498 1324 598 1388 oculis
622 1328 750 1406 captum
774 1323 883 1390 fuisse.
938 1325 1007 1402 Qua
1039 1325 1079 1390 de
1102 1345 1201 1391 causa
1223 1326 1284 1392 hu-

195 1431 245 1495 ius
269 1429 469 1508 sententiae,
503 1431 592 1495 ouius
615 1430 760 1510 exempla
782 1435 913 1511 praeter
944 1431 1025 1496 alios
1048 1430 1180 1512 collegit
1200 1431 1283 1496 Bur-

196 1553 348 1612 mannus,
382 1532 487 1598 obiter
509 1538 635 1599 tantum
658 1534 896 1610 exornationem
920 1533 1164 1613 demonstrabo,
1199 1554 1283 1616 quae

195 1641 355 1705 invenitur
385 1639 513 1720 saepius
544 1640 629 1720 apud
664 1640 867 1721 anthologiac
900 1639 1067 1705 Palatinae
1098 1644 1212 1721 poetas
1248 1645 1284 1705 et

196 1747 335 1812 creticos
359 1745 544 1826 scriptores,
567 1742 622 1808 ubi
645 1744 771 1810 oculum
794 1749 921 1810 amatae
944 1744 1072 1826 puellae
1096 1750 1286 1826 comparant

197 1870 269 1916 cum
291 1854 443 1915 venatore
466 1849 517 1913 vel
540 1867 611 1914 cnm
641 1849 821 1931 sagittario.
874 1849 1013 1916 Maxime
1045 1849 1107 1916 huc
1137 1851 1286 1916 convenit

196 1955 362 2036 Meleager
383 1954 470 2019 auth.
494 1953 562 2019 Pal.
586 1954 649 2018 XII
674 1959 731 2018 101

327 2059 375 2121 τόν
400 2083 437 2141 με
460 2056 574 2128 Hoetu
597 2055 727 2142 ἄτρωτον
750 2055 807 2121 ὑπὸ
834 2058 978 2144 στέρνοισι
1002 2058 1137 2132 Μυίσκος

374 2161 488 2247 ὄμματι
509 2160 648 2234 τοξεύσας

198 2271 238 2338 cf.
263 2270 486 2351 Asclepiadem
509 2269 597 2335 anth.
620 2269 688 2334 Pal.
713 2269 741 2335 V
766 2273 828 2333 210

336 2374 514 2458 τώφθαλμῷ
540 2372 657 2457 Διὸόμη
683 2398 719 2457 με
742 2375 927 2458 συνήρπασεν

200 2479 372 2546 secundum
409 2479 561 2560 optimam
591 2477 730 2544 Iacobsii
766 2479 982 2544 coniecturam
1014 2478 1193 2564 τώφθαλμῷ
1226 2499 1284 2562 pro

198 2589 240 2668 τῷ
271 2583 375 2668 θαλλῷ
409 2582 622 2666 scribentisl).
675 2581 766 2648 Adde
789 2582 996 2648 Heliodorum
1020 2583 1114 2649 deth.
1137 2585 1170 2649 II
1192 2605 1218 2650 o.
1244 2590 1284 2650 25

201 2688 254 2752 οὐκ
275 2689 311 2773 ἦν
327 2675 486 2773 ἐντυχόντα
503 2687 543 2772 μὴ
567 2687 737 2772 ἡλωκέναι·
761 2685 855 2758 οὕτως
878 2679 1089 2771 ἄφυκτόντινα
1104 2685 1154 2750 καί
1171 2689 1287 2773 ἀπρόσ-

204 2814 300 2877 μαχον
321 2793 450 2878 ἑταιρίας
470 2795 602 2878 σαγήνην
625 2793 658 2854 ἐκ
677 2797 734 2856 τῶν
756 2791 923 2877 ὀφθαλμῶν
949 2791 1117 2878 ἐπεσόρετο,
1162 2794 1286 2860 Eodem

201 2899 344 2981 pertinet
366 2899 477 2964 oculus
500 2897 656 2980 fulgorem
678 2898 711 2962 in
734 2901 894 2964 amantem
917 2897 1061 2964 iaculans
1079 2898 1286 2964 NonnDion.

202 3004 249 3070 XI
273 3009 335 3069 316

493 3177 494 3186 η
546 3103 604 3170 ἀπὸ
629 3104 786 3192 βλεφάρων
810 3105 844 3168 δέ
867 3107 894 3169 οί
917 3103 977 3169 αἰεὶ

332 3209 441 3282 κάλλος
464 3211 648 3283 ὀιστεόοντος
670 3212 815 3298 ἑκηβόλος
838 3209 935 3295 ἔρρεεν
959 3208 1083 3296 αίγληί)

206 3317 245 3382 cf.
269 3317 402 3398 Dilthey
424 3317 592 3382 Archaeol.
617 3317 752 3399 Zeitung
778 3322 860 3381 1818
883 3337 914 3399 p.
939 3322 967 3382 6.

289 3422 359 3487 Hae
383 3422 466 3487 duae
490 3422 687 3502 sententiae,
724 3421 763 3486 de
795 3420 910 3503 quibus
941 3421 1081 3503 egimus,
1116 3421 1180 3486 iarn
1212 3426 1288 3486 ante
1371 3429 1374 3442 “

204 3526 366 3607 Propertii
389 3531 529 3592 aetatem
554 3527 792 3608 conglutinatae
821 3528 874 3592 vel
901 3527 1009 3608 potius
1038 3523 1189 3592 confusae
1217 3545 1291 3591 esse
1370 3496 1376 3603 ί

203 3630 372 3710 videntur3
406 3632 584 3696 cumcuim
618 3632 729 3711 Il,1
762 3636 859 3714 poeta
883 3649 917 3696 se
940 3632 1044 3712 ipsum
1067 3635 1195 3713 captum
1218 3648 1292 3696 esse
1370 3634 1374 3789 Ι

278 3837 303 3904 1)
322 3852 377 3892 non
396 3837 483 3904 probo
503 3837 709 3894 Wilamouitzii
727 3845 765 3910 τῷ
784 3837 874 3892 θάλπει
892 3836 1019 3906 (Hermes
1037 3837 1101 3891 XIV
1122 3837 1191 3906 166).
1371 3759 1376 3912 ί

278 3925 306 3994 2)
325 3925 458 3980 Libanius
476 3927 584 3986 κάλλους
603 3927 720 4000 ἔκφρασις
739 3928 777 3982 IV
795 3944 823 3996 p.
844 3930 912 3981 1070
937 3925 1045 4000 (Ἔρως)
1064 3934 1117 3986 ταῖς
1137 3928 1221 3996 βολαῖς
1239 3934 1292 3980 τῶν

205 4016 301 4088 ἐκείνης
325 4015 449 4084 ὀμμάτων
476 4017 630 4086 ἐμπιστεόων
655 4019 702 4089 τὴν
725 4017 852 4086 τόξευσιν;
880 4017 955 4072 anth.
973 4016 1051 4070 Plan.
1069 4020 1122 4071 204
1147 4017 1237 4089 φίλτρα
1265 4016 1292 4068 δὲ

205 4106 284 4158 τίκτω
312 4103 395 4157 odotem
422 4104 544 4168 τοξείιων,
572 4106 627 4160 ἀλλ’
652 4107 822 4176 ἀτενιζόμενος
853 4107 949 4176 (Amor
968 4104 1116 4160 Praxitelis
1141 4106 1291 4174 loquitur);

202 4193 372 4248 Boissoncde
399 4194 433 4248 ad
454 4195 658 4251 Aristaenetnm
684 4213 711 4265 p.
731 4199 784 4250 208
812 4202 839 4251 et
861 4195 896 4250 ad
914 4193 1040 4251 Niceten
1059 4194 1163 4263 Eugen.
1183 4210 1210 4262 p.
1230 4197 1290 4248 211.

205 4283 286 4338 Haud
307 4282 448 4339 dissimilis
467 4290 509 4340 est
527 4285 624 4355 Ibycus
642 4284 676 4339 fr.
697 4289 713 4339 2
732 4286 763 4339 Β.
