2806 4808
651 398 671 455 9

199 561 340 626 Primum
363 563 579 645 contemplare
602 560 804 641 Propertium
828 559 876 622 lll
902 564 951 639 10,
976 564 1016 624 26

244 684 383 749 nondum
407 685 504 750 etiarn
526 685 683 752 Ascraeos
699 688 817 748 norunt
834 701 906 749 mea
923 685 1064 749 carmina
1081 683 1197 763 fontes,

288 788 345 853 sed
366 787 461 853 modo
484 790 696 854 Permessi
718 787 897 854 flumine
920 788 1000 852 lavit
1022 789 1129 867 Amor,

108 901 169 967 ubi
190 901 269 967 illud
292 902 455 968 lavacrum
479 903 605 968 Amoris
629 908 739 968 utrum
760 906 921 984 sumptum
944 902 987 967 sit
1010 921 1048 967 ex
1065 903 1200 968 Hesiodi

108 1007 285 1090 theogonia
307 1027 335 1071 v.
361 1013 379 1071 5
404 1007 458 1090 (de
480 1008 582 1073 Musis
606 1008 726 1090 agitur)

243 1129 293 1192 καί
315 1153 346 1192 τε
368 1127 566 1213 λοεσσάμεναι
588 1129 693 1214 τέρενα
714 1132 793 1215 χρόα
818 1129 1001 1215 Περμησοῖο,

109 1273 231 1333 necne,
263 1254 404 1320 discerni
426 1254 555 1335 quidem
578 1254 697 1334 nequit.
744 1253 865 1320 Contra
886 1255 983 1333 illud,
1008 1255 1092 1335 quod
1115 1254 1200 1320 inter

108 1361 289 1424 Ascraeum
312 1357 443 1437 iontem,
466 1359 497 1422 h.
522 1376 548 1422 e.
574 1357 705 1437 iontem,
730 1376 768 1422 ex
791 1377 855 1448 quo
876 1363 992 1440 poetae
1016 1359 1098 1439 epici
1120 1360 1199 1424 hau-

108 1464 177 1528 rire
200 1468 408 1544 consuerent,
443 1468 476 1528 et
498 1463 661 1528 Permessi
683 1461 799 1526 flumen
821 1461 915 1541 lecit,
940 1464 1128 1542 discrimen,
1161 1483 1199 1528 ex

109 1568 308 1634 Callimacho
331 1567 471 1634 fortasse
494 1566 594 1632 fluxit.
641 1567 688 1632 Cf.
713 1567 809 1648 Verg.
834 1568 890 1633 ecl.
915 1569 960 1633 Vl
984 1575 1025 1633 64
1048 1589 1095 1651 sq.

198 1693 266 1756 tum
289 1690 385 1769 canit,
409 1694 570 1755 errantem
592 1690 754 1754 Permessi
777 1690 819 1754 ad
841 1688 971 1756 flumina
994 1690 1122 1757 Gallum

198 1795 305 1860 Aonas
327 1794 360 1859 in
383 1799 508 1859 montes
531 1799 568 1859 ut
590 1794 717 1860 duxerit
739 1813 803 1860 una
827 1812 981 1860 sororum.

109 1916 242 1982 Servius
272 1916 356 1980 enim
388 1916 430 1980 ad
453 1917 548 1997 Verg.
571 1917 628 1981 eol.
651 1917 681 1982 X
706 1922 744 1981 12
781 1922 814 1983 et
841 1917 939 1984 schol.
963 1917 1070 1983 quen,
1093 1918 1196 1984 Vno

107 2019 300 2102 Aganippen
321 2020 443 2086 fontem
465 2021 625 2086 Permessi
657 2019 794 2087 fluminis
826 2021 1024 2102 appellatum
1055 2021 1155 2088 fnisse
1179 2043 1198 2088 a

109 2124 308 2191 Callimacho
326 2130 429 2191 testes
452 2130 536 2203 sunt,
561 2126 607 2190 ita
629 2130 666 2191 ut
688 2143 752 2190 non
776 2123 929 2206 dubitem,
953 2127 1029 2208 quin
1046 2146 1084 2191 ex
1099 2127 1196 2192 Calli-

107 2229 223 2294 macho
246 2229 391 2296 hauserit
414 2229 609 2295 Claudianus
631 2229 738 2294 XXIX
761 2235 780 2295 8
804 2228 923 2313 (flores,
946 2231 1040 2314 quos)

240 2351 311 2418 fons
334 2352 521 2434 Aganippea
543 2352 743 2418 Permessius
767 2352 884 2418 educat
905 2352 991 2418 unda

109 2474 269 2559 (carmina
301 2475 402 2557 dicit).
464 2475 666 2540 Permessum
698 2474 799 2556 igitur
831 2473 961 2554 flumen,
1001 2476 1085 2541 sicut
1115 2477 1196 2542 alios

107 2579 231 2659 fontes,
261 2577 401 2644 valuisse
425 2579 466 2644 ad
489 2579 670 2644 incitandos
699 2582 813 2660 poetas
843 2579 908 2643 iam
937 2579 1022 2660 apud
1046 2580 1196 2646 Callima·

107 2683 259 2749 maehum
280 2683 399 2748 lectum
421 2682 521 2748 fuisse
544 2683 671 2748 videtur
683 2681 718 2766 ¹).

198 2787 304 2854 Minus
335 2807 410 2852 vero
439 2787 635 2853 confidenter
657 2788 698 2852 de
720 2787 882 2869 Propertii
909 2805 1003 2854 versu
1032 2788 1077 2854 IV
1102 2793 1131 2868 3,
1155 2793 1195 2853 26

107 2891 318 2960 iudicandum
341 2897 391 2960 est

199 3014 325 3080 dixerat
347 3020 380 3080 et
403 3016 526 3096 plectro
549 3014 659 3080 sedem
682 3014 759 3080 mihi
781 3022 942 3083 monstrat
964 3015 1096 3096 eburno,

242 3117 339 3202 quo²)
362 3138 457 3185 nova
479 3137 625 3186 muscoso
649 3121 786 3186 semita
807 3121 894 3187 iacta
916 3123 1027 3188 solost.

108 3242 224 3308 Solent
246 3243 331 3307 enim
352 3248 468 3324 poetae
491 3243 643 3324 Romani,
676 3244 704 3309 si
734 3245 805 3326 quis
834 3246 956 3327 primus
978 3245 1011 3309 in
1035 3244 1197 3311 scribendi

108 3365 228 3430 genere
260 3347 414 3413 inusitato
447 3347 550 3414 adhuc
579 3354 727 3414 versatus
759 3349 818 3429 sit,
852 3368 924 3415 eum
952 3367 1034 3415 nova
1064 3349 1115 3414 via
1148 3348 1196 3414 in-

107 3451 203 3536 gredi
225 3450 332 3516 dicere
354 3451 479 3534 ipsique
503 3470 537 3518 se
559 3452 681 3518 intacta
705 3455 820 3520 semita
841 3454 990 3520 incedere
1019 3454 1197 3538 gloriantur

111 3619 322 3628 ...—-——-.--

184 3731 210 3799 1)
229 3730 395 3786 Voelkerum
413 3733 446 3786 de
464 3734 583 3789 Cornelii
595 3733 669 3790 Calli
690 3737 801 3806 scriptis
820 3737 1103 3810 (Elberfeldae1844)
1121 3757 1147 3810 p.
1162 3745 1195 3796 21

107 3820 212 3876 collato
230 3819 377 3888 Propertio
399 3822 525 3889 HI13,4
552 3824 648 3891 „iussit
667 3831 694 3879 et
712 3827 862 3880 Ascraeum
881 3828 920 3883 sic
938 3829 1065 3885 habitare
1084 3832 1194 3885 nemus“

108 3909 227 3964 Hesiodi
245 3924 343 3964 nomen
362 3924 444 3978 saepe
467 3912 628 3980 appellativi
652 3914 706 3968 vim
730 3917 877 3984 accepisse,
903 3924 977 3973 reete
996 3919 1136 3974 docentem
1162 3920 1196 3975 de

105 4014 191 4054 versu
208 3997 249 4054 111
269 4001 310 4066 10,
329 3999 363 4052 25
382 4014 438 4054 non
457 4000 602 4070 cogitasse,
621 4017 671 4070 per
692 4019 721 4058 se
740 4004 917 4074 intellegitur.

180 4087 226 4141 Ad
244 4088 404 4143 Callimachi
425 4089 558 4144 aetiorum
586 4091 695 4145 initium
719 4092 804 4148 refert
832 4095 900 4164 hoo,
929 4095 962 4152 de
990 4112 1043 4165 quo
1068 4096 1193 4167 diximus,

106 4179 291 4247 fragmentum
309 4177 417 4232 Hecker
435 4185 576 4233 comment.
595 4181 657 4235 orit.
676 4181 711 4236 de
729 4183 805 4238 anth.
824 4182 937 4256 Graec,
963 4185 1091 4254 Lugduni
1110 4186 1192 4247 Bata-

107 4283 204 4324 vorum
225 4269 302 4335 1843,
319 4283 346 4336 p.
367 4271 426 4334 180,
445 4282 524 4336 quem
542 4268 676 4324 conferas.

181 4356 211 4426 2)
231 4357 318 4424 „quo“
339 4355 450 4412 exhibet
469 4354 554 4410 codex
572 4355 781 4426 Neapolitanus.
