2806 4808
757 334 799 399 42

316 498 392 566 dum
413 519 464 565 me
485 501 630 568 iocundis
653 502 779 584 lapsam
800 521 896 585 sopor
918 503 1033 583 inpulit
1056 502 1127 568 alis.

229 622 364 684 quocum
395 623 490 671 versu
521 605 716 674 conterenda
746 613 821 675 sunt
844 627 901 690 ea,
934 627 1017 690 quae
1039 608 1249 676 Passeratius
1274 607 1311 674 ad

227 708 431 791 Propertium
451 731 482 793 p.
510 717 571 777 158
597 713 732 780 contulit
755 713 919 795 exempla,
954 713 1070 794 quibus
1093 715 1178 782 adde
1202 713 1313 780 Silium

225 814 374 881 Italicum
396 816 425 882 X
449 821 511 882 353
535 835 604 898 sqq.

317 926 369 987 ast
391 919 457 1004 ubi,
479 941 538 1003 per
559 921 696 988 tacItum
719 922 872 1006 allapsus,
895 923 1037 989 tentoria
1058 922 1163 1005 prima

314 1026 452 1092 Barcaei
472 1025 567 1107 petiit
588 1026 722 1108 iuvenis,
746 1028 851 1108 quatit
872 1027 948 1094 inde
971 1047 1105 1110 soporas

320 1129 440 1196 devexo
463 1129 562 1212 capiti
584 1149 706 1212 pennas
729 1131 892 1214 oculisque
915 1133 1058 1214 quietern

313 1237 433 1302 irrorat
454 1241 593 1321 tangens
616 1235 763 1302 Lethaea
785 1241 932 1318 tempora
954 1238 1048 1322 virga

228 1346 262 1408 et
285 1340 424 1408 Statium
447 1337 546 1406 Theb.
570 1340 600 1406 X
625 1344 685 1405 148

445 1465 517 1512 oum
539 1464 614 1512 vero
638 1443 842 1512 humentibus
866 1445 926 1511 ahs

319 1549 473 1633 incubuit,
496 1551 653 1632 piceaque
676 1550 763 1617 haud
785 1569 925 1632 unquam
947 1548 1078 1615 densior
1100 1547 1216 1616 umbra

320 1660 429 1722 castra
452 1654 549 1737 subit,
574 1673 685 1722 errare
708 1655 792 1722 oculi
815 1673 883 1738 eqs,

232 1761 317 1843 quod
339 1766 376 1827 ut
399 1760 625 1826 Alexandrinis
647 1761 753 1842 poetis
775 1760 944 1841 vindicem,
967 1760 1107 1826 maxime
1125 1759 1315 1826 Callimachi
1369 1734 1370 1790 ¹

229 1884 342 1933 uersus
365 1870 577 1948 memorent,
601 1866 655 1946 qui
676 1866 829 1950 legrmtur
851 1866 885 1932 in
907 1867 1023 1948 hymno
1054 1865 1089 1930 in
1111 1864 1230 1931 Delum
1253 1865 1313 1930 233

229 1991 277 2054 sq.
300 1969 427 2053 pridem
449 1989 469 2036 a
492 1970 569 2038 viris
589 1970 693 2037 doctis
716 1988 788 2039 cum
805 1970 1017 2052 Propertiano
1039 1969 1095 2036 illo
1118 1987 1216 2038 uersu
1233 1987 1314 2037 com·
1370 1950 1371 2032 l

232 2076 340 2160 parati

316 2179 398 2263 κείνη
423 2179 452 2261 γ’
476 2177 547 2242 οὐδέ
568 2203 640 2242 ποτε
663 2178 810 2264 σφετέρης
832 2179 1009 2263 ἐπιλήθεται
1033 2177 1133 2262 ἕδρης,

319 2283 383 2348 οὐδ’
408 2284 457 2348 ὅτε
480 2284 506 2346 οἱ
529 2284 655 2367 labaim
679 2281 727 2348 ἐπὶ
749 2282 853 2369 πτερὸν
878 2283 967 2355 ὕπνος
989 2283 1106 2368 ἐρείσῃ,

229 2393 271 2459 ad
303 2409 399 2472 quem
437 2389 542 2455 locum
577 2389 754 2456 Schneider
783 2409 814 2471 p.
840 2394 900 2455 311
943 2389 1142 2456 imitationes
1173 2385 1314 2454 Nonnia·
1372 2382 1373 2452 l

230 2516 289 2565 nas
313 2495 417 2564 affort.

317 2601 451 2668 Maioris
485 2597 584 2665 etiam
611 2599 671 2666 hoc
694 2601 764 2667 loco
786 2600 941 2667 momenti
963 2605 1038 2668 sunt
1059 2598 1223 2683 Propertii
1245 2615 1315 2664 ver·

232 2725 287 2778 sus
313 2712 351 2774 13
375 2725 422 2790 sq.

320 2818 353 2880 et
376 2811 522 2895 quamvis
546 2810 664 2893 duplici
687 2815 871 2891 correptum
893 2809 1010 2876 ardore
1033 2807 1182 2875 iuberent

365 2918 426 2984 hac
450 2917 558 2998 Amor,
580 2917 642 2981 hac
663 2913 772 2998 Liber,
795 2915 895 2982 durus
917 2919 1054 2996 uterque
1077 2913 1167 2996 deus,

235 3044 314 3110 quos
344 3023 484 3091 fortasse
517 3026 607 3090 recte
629 3020 839 3088 Ruhnkenius
869 3021 963 3102 epist.
998 3021 1061 3086 orit
1082 3020 1114 3085 11
1135 3037 1166 3100 p.
1193 3021 1254 3082 115
1280 3035 1317 3084 er

234 3128 431 3198 Callimacho
452 3125 580 3192 fluxisse
604 3126 738 3192 censuit.
784 3125 848 3192 Sed
861 3131 978 3207 poetae
1001 3123 1153 3191 amatorii
1167 3122 1319 3204 frequen·

231 3244 284 3305 ter
305 3235 388 3301 hanc
411 3231 607 3298 sententiam
629 3236 834 3314 usurpantes,
859 3228 1106 3298 celeberrimam
1123 3247 1195 3296 eam
1216 3228 1319 3294 fuisse

234 3339 320 3423 apud
341 3342 457 3420 poetas
483 3336 716 3402 Alexandrinos
751 3335 876 3402 docent.
923 3335 975 3402 Sic
999 3336 1085 3400 enim
1101 3333 1320 3402 Callimachus

235 3446 337 3531 epigr.
361 3441 469 3510 XLIII
487 3440 580 3510 Schn.
613 3441 715 3524 (anth.
739 3441 807 3506 Pal.
837 3439 900 3508 XII
921 3440 996 3524 118)
1024 3459 1052 3505 v.
1078 3445 1096 3505 3
1128 3457 1176 3520 sq.
1189 3438 1225 3521 ¹),
1250 3455 1322 3504 curn

232 3551 366 3620 invitum
389 3565 425 3614 se
448 3550 596 3614 coactum
617 3544 718 3614 iuism
740 3545 783 3612 ad
806 3545 1043 3612 comissandum
1066 3543 1271 3618 contenderit

305 3859 331 3928 1)
351 3853 473 3912 correxit
483 3853 627 3910 lectionem
637 3853 750 3925 Dilthey
767 3855 822 3910 iud.
842 3854 1036 3926 lectdotting.
1057 3858 1175 3927 1878ll9
1193 3859 1319 3928 1120.-

231 3945 332 4003 Viuum
352 3958 472 4001 amorem
491 3949 587 4012 auget:
616 3942 649 3998 cf.
670 3943 747 3998 Ovid.
766 3959 830 3999 rem.
845 3946 897 4000 805
917 3961 957 4016 sq.
976 3961 1037 4001 cum
1056 3947 1132 4002 auth.
1150 3945 1321 4020 Pal.x149;

233 4036 310 4093 Ouid.
329 4035 387 4089 bor.
407 4032 472 4088 XVI
490 4034 557 4101 2303
586 4037 648 4086 met.
667 4031 721 4086 XII
746 4033 799 4086 220
818 4048 857 4101 sq.
887 4034 921 4087 al.
972 4034 1069 4102 Itaque
1097 4033 1212 4091 Rufinus
1243 4038 1321 4093 auth.

230 4125 290 4182 Pal.
309 4122 334 4178 V
354 4125 387 4178 98
420 4136 474 4176 non
493 4120 676 4189 Propertium,
695 4119 751 4189 sed,
771 4121 847 4177 cuius
866 4120 975 4178 lacilior
994 4123 1020 4178 ei
1039 4133 1099 4180 erat
1118 4125 1218 4194 aditus,
1238 4126 1320 4183 Calli·

237 4213 362 4268 moohum
389 4210 430 4264 vol
450 4209 534 4265 alium
553 4209 685 4278 quendem
704 4217 813 4278 poetam
831 4210 963 4266 Graecum
991 4219 1054 4269 ante
1079 4216 1172 4272 oculos
1191 4216 1322 4274 babuisse

234 4299 371 4374 putandus
395 4305 445 4357 est.
483 4299 517 4356 el.
538 4297 717 4370 Posidippum
735 4301 809 4357 anth.
829 4301 888 4358 Pel.
907 4303 960 4360 XII
980 4306 1038 4359 120.
