2806 4808
600 376 638 433 19

61 542 351 626 (Α1116166111661),
374 541 422 608 116
444 543 646 625 perspicuum
669 547 736 624 est,
759 550 811 625 ut,
835 546 868 611 id
891 547 945 627 qui
967 551 1077 628 neget,
1100 548 1151 612 vin

58 667 135 714 eum
158 647 269 714 iudicii
291 648 373 713 recti
397 666 469 714 esse
494 648 681 714 existimem.

150 753 271 819 Amore
294 758 403 818 autem
426 758 539 835 captus
562 755 673 820 statim
697 755 736 820 de
758 755 886 837 puellae
903 756 1044 822 duritate
1062 755 1152 838 queri

62 858 151 923 solet
183 859 372 940 Propertius
407 863 504 940 atque
536 859 693 941 Cynthiae
726 860 1033 926 crudelitatem
1066 879 1152 928 cum

62 982 165 1029 saxo
190 968 315 1044 atquo
339 962 454 1028 ferro
479 966 726 1046 comparati
750 970 800 1045 16,
825 969 865 1030 29
889 985 935 1048 sq.

194 1067 238 1133 sit
259 1068 337 1133 licet
359 1073 393 1132 et
415 1087 491 1133 saxo
515 1069 691 1150 patientior
712 1069 768 1134 illa
791 1068 915 1150 Sicano,

240 1171 283 1238 sit
304 1173 382 1238 licet
404 1178 438 1237 et
459 1172 544 1238 ferro
569 1174 679 1240 durior
702 1179 736 1239 61
759 1173 892 1257 chalybe

70 1278 278 1344 consentiens
302 1296 372 1342 cum
396 1278 534 1344 cuiusvis
558 1279 627 1344 aevi
650 1279 755 1361 poetis
778 1279 912 1345 Graecia
929 1279 1153 1362 Romanisque,

67 1384 124 1464 qui
148 1401 277 1465 semper
299 1384 438 1449 animum
462 1388 661 1449 constantem
692 1389 748 1450 aut
778 1384 938 1450 crudelem
962 1390 1018 1451 aut
1039 1384 1153 1450 durum

67 1506 247 1570 sensusque
263 1493 426 1570 expertem
449 1487 629 1570 significant
652 1489 809 1555 adiectivo
836 1490 973 1573 σιδήρεος
994 1490 1045 1555 161
1067 1489 1152 1574 ,161-

63 1592 175 1674 16661,
199 1595 366 1675 ipsamque
387 1598 527 1658 mentem
549 1594 662 1660 duram
686 1599 872 1676 comparant
893 1614 963 1661 cum
985 1593 1081 1674 16116,
1104 1596 1151 1662 la·

64 1699 161 1781 pide,
186 1699 294 1779 silice,
317 1697 450 1778 robore,
475 1700 662 1779 adamante,
685 1699 841 1781 ampulla,
866 1701 1009 1780 aesculo,
1033 1719 1152 1782 quercu

64 1802 136 1888 (ubi
149 1803 266 1868 Graeci
288 1804 475 1885 plerumque
498 1803 600 1874 λίθους
621 1801 671 1866 καὶ
693 1803 800 1888 πέτρας
822 1805 1002 1888 usurpant),
1026 1824 1088 1887 qua
1111 1805 1151 1870 de

62 1927 101 1974 16
123 1906 255 1974 uberius
279 1908 446 1989 disputant
466 1927 536 1974 curu
552 1909 755 1990 scriptorum,
780 1907 966 1990 quibuscum
988 1907 1081 1976 nobis
1097 1929 1150 1976 res

63 2019 136 2092 est,
168 2013 381 2095 interpretes,
415 2018 482 2078 tum
506 2013 653 2096 Zingerle
677 2013 809 2080 Ovidius
831 2015 847 2078 Ι
868 2034 898 2096 p.
923 2019 963 2078 42
987 2033 1055 2096 sqq.
1102 2012 1149 2079 Ol.

63 2119 211 2184 Leutsch
232 2119 445 2200 paroemiogr.
471 2118 584 2184 Graec.
608 2120 624 2183 l
646 2139 676 2201 p.
701 2124 774 2184 430.

153 2223 200 2290 Ut
213 2224 368 2307 Cynthiae
391 2224 565 2290 crudelitas
587 2230 703 2306 poetae
726 2224 863 2291 dolenda
886 2230 981 2305 66661,
998 2223 1149 2292 ‘effecisse

61 2328 215 2394 videntur
239 2329 355 2394 aemuli
378 2329 436 2408 illi,
461 2347 594 2410 quorum
616 2331 666 2395 ira
687 2330 781 2396 valde
805 2335 980 2396 commotus
1002 2331 1034 2394 H
1057 2336 1085 2409 9,
1108 2335 1147 2394 32

62 2431 322 2499 muliebrem
367 2431 555 2498 fraudem
599 2433 766 2500 incusat
810 2435 998 2516 omninoque
1039 2453 1150 2502 661616

62 2538 193 2622 puellas
214 2537 277 2603 fide
302 2538 447 2620 queritur

154 2642 211 2709 sed
235 2641 324 2708 vobis
347 2641 475 2708 facilest
496 2641 595 2709 verba
618 2649 651 2709 et
673 2663 862 2726 componere
885 2645 1025 2727 11661166,

196 2748 257 2813 hoc
278 2767 375 2813 unum
398 2748 511 2814 didicit
533 2748 651 2814 femina
674 2768 800 2831 semper
823 2769 912 2831 opus.

63 2851 239 2918 Perfidiam
261 2856 358 2934 atque
380 2851 540 2918 1611661616
562 2853 870 2935 inconstantiamque
892 2853 1059 2918 mulierum
1074 2871 1147 2934 pro·

61 2956 168 3025 6611111
198 2958 267 3023 1666
298 2958 381 3038 apud
412 2963 538 3023 veteres
569 2963 717 3024 auctores
747 2957 945 3024 circumferri
972 2961 1098 3023 constat
1112 2955 1146 3039 ¹).

63 3063 220 3129 Ornatius
243 3062 417 3144 Sophocles
441 3083 510 3128 eam
534 3064 727 3130 sententiam
750 3064 909 3145 expressit
942 3062 993 3146 (fr.
1020 3067 1078 3127 741
1104 3059 1146 3146 N)

64 3169 173 3253 ὅρκους
196 3168 256 3250 ἐγὼ
279 3166 415 3250 γυναικὸς
436 3169 478 3240 εἰς
501 3169 581 3254 ὕδωρ
605 3166 723 3253 γράφω.
777 3150 780 3156 ’

153 3273 215 3338 Η16
237 3278 345 3340 autem
368 3275 456 3340 locus
480 3275 629 3340 admonet
646 3293 696 3339 me
720 3274 759 3338 de
773 3273 940 3339 notissima
957 3273 1061 3339 altera
1075 3291 1146 3337 sen·
1266 3266 1268 3271 ’

62 3379 170 3448 tentia
200 3378 424 3444 amantium
455 3379 747 3445 iusiurandum
777 3377 926 3442 omnino
957 3376 1146 3442 111111116-

62 3486 160 3550 lere
183 3483 326 3562 dicente,
359 3483 399 3549 de
422 3502 484 3566 qua
506 3482 636 3549 uberius
659 3483 886 3564 disputandum
908 3487 967 3548 661.

154 3589 266 3655 Solent
295 3594 410 3671 poetae
434 3589 550 3655 Graeci
579 3594 676 3670 atque
699 3588 806 3654 Latini
836 3588 885 3669 id,
920 3586 1005 3668 quod
1032 3604 1147 3651 vanum

62 3695 261 3775 inritamque
285 3692 354 3773 1611,
389 3695 492 3759 ventis
515 3694 566 3758 vel
587 3693 673 3759 unda
695 3698 823 3775 ruptum
845 3711 970 3771 vocare,
1004 3691 1147 3772 hancque

61 3800 237 3866 formulam
268 3799 308 3865 de
331 3801 497 3882 promissis
519 3798 705 3881 iuribusque
728 3799 871 3865 iurandis
893 3817 955 3864 non
979 3815 1146 3865 conservu-

71 3971 280 3980 --.-ae--

141 4097 167 4167 1)
187 4096 220 4151 61.
241 4097 322 4165 Prcp.
340 4097 380 4150 III
398 4097 441 4164 25,
460 4096 512 4164 223
540 4095 626 4164 Lygd.
646 4097 671 4163 4,
691 4098 737 4166 61;
766 4096 1146 4165 Plaut.mil.glor.H5‚46;
1193 4105 1196 4112 '

62 4185 163 4255 Eurip.
184 4186 219 4240 11.
239 4188 291 4240 673
311 4185 345 4240 N.
384 4185 423 4240 Os.
443 4186 525 4240 etiam
549 4184 670 4238 Leutsch
692 4201 812 4253 paroem.
832 4185 878 4240 Gr.
898 4186 912 4239 I
937 4203 963 4254 p.
982 4189 1047 4254 2333
1074 4187 1101 4240 ll
1119 4202 1145 4254 p.

67 4281 120 4332 107
140 4277 184 4346 61;
204 4292 265 4330 cum
283 4275 429 4344 Propertio
449 4274 565 4342 quodam
584 4274 662 4328 modo
682 4277 817 4330 consentit
834 4275 982 4344 Euripides
995 4275 1079 4330 Andr.
1093 4277 1139 4344 853

63 4367 100 4422 61.
120 4366 203 4436 Hipp.
223 4368 291 4435 4813
315 4365 402 4434 lphig.
422 4365 504 4418 Taur.
527 4367 603 4418 1032.
666 4415 672 4426 ,

869 4461 888 4520 2
902 4457 918 4493 6
