2806 4808
609 396 650 456 53

173 563 319 646 oraqeqr',
344 561 501 646 ὀνομαστοὶ
526 563 555 626 ἐν
579 562 770 628 ἀθανάτοισιν
794 563 901 629 ἔσεσθε

217 668 342 747 τοξόται,
367 671 408 738 ὡς
433 667 564 753 μεγάλης
589 671 731 734 δεσπόται
754 671 884 755 ἰοδόκης,

68 772 148 854 qui,
174 772 258 837 sicut
280 773 484 856 Propertius,
518 774 638 840 ironice
660 775 799 860 gloriam
821 795 974 861 magnam
996 778 1170 861 adepturos

68 895 158 940 esse
182 877 356 959 Cupidines
388 875 524 944 subacto
551 898 613 945 uno
637 885 734 960 poeta
764 881 819 945 ait.
866 881 969 948 Simili
991 883 1098 949 colore
1121 883 1168 948 af·

66 981 162 1046 fecit
186 981 326 1066 elegiam
348 1001 440 1048 suam
462 1001 523 1048 am.
548 983 579 1047 II
603 991 621 1048 9
646 983 779 1050 Ovidius
802 984 835 1050 in
857 993 993 1051 versut
1131 970 1134 978 Α

174 1105 231 1152 our
253 1092 311 1153 tua
332 1085 387 1152 fax
408 1087 484 1170 urit,
507 1086 578 1172 figit
599 1093 675 1154 tuus
699 1107 793 1155 arcus
814 1088 960 1156 amicos?

213 1191 320 1276 gloria
343 1197 525 1277 pugnantes
548 1191 676 1259 vincere
699 1194 802 1260 maior
826 1199 897 1260 erat
920 1196 943 1277 l.

67 1297 236 1363 Fortasse
258 1297 345 1362 inter
357 1297 591 1364 Alexandrinos
615 1303 730 1380 poetas
746 1298 939 1381 Posidippus
961 1317 1064 1382 neque
1081 1300 1168 1368 solus

66 1421 184 1484 neque
208 1403 330 1483 primus
354 1401 442 1467 illam
464 1403 660 1468 sententiam
683 1403 851 1485 expressit.

170 1507 276 1589 Atque
307 1507 368 1573 hae
403 1507 508 1573 altera
537 1509 737 1590 quaestionis
766 1514 897 1574 nostrae
919 1512 1014 1589 parta
1035 1512 1170 1589 peracta

67 1614 144 1678 iam
167 1611 379 1678 confidentius
403 1612 450 1678 de
474 1631 530 1696 ea,
555 1631 653 1694 quae
675 1613 794 1679 inter
816 1611 1089 1693 Propertium
1111 1616 1168 1676 at-

69 1738 156 1800 que
179 1716 350 1783 Paulum
374 1717 957 1798 Silentiariumintercedit,
995 1715 1166 1782 ratione

67 1822 268 1889 iudicare
302 1819 394 1888 nobis
426 1818 547 1888 licebit.
606 1823 707 1900 Quam
738 1829 775 1887 ut
807 1827 897 1888 recte
929 1820 1165 1904 intellegamus,

67 1929 227 2010 primum,
252 1931 406 2008 quantum
428 1927 558 1993 intersit
580 1927 666 1992 inter
688 1933 858 2008 poetarum
876 1924 1168 1993 Alexandrinorum

68 2031 294 2098 imitationem
314 2031 561 2113 Propertianam
592 2038 690 2113 atque
720 2031 950 2114 Byzantinam,
982 2029 1166 2095 considere·

68 2156 149 2204 mus
172 2155 306 2203 necessa
329 2141 390 2202 cst.
1048 2142 1050 2146 ·

170 2241 255 2306 Nam
278 2241 357 2306 mihi
379 2259 442 2306 non
465 2239 570 2306 minus
594 2240 625 2305 ei
647 2257 759 2305 errare
780 2238 940 2325 videntur,
963 2238 1017 2321 qui
1031 2239 1169 2320 Proper·

70 2348 169 2429 tium,
193 2348 367 2429 praecipue
390 2347 423 2410 in
447 2342 660 2410 describendo
685 2362 795 2409 amore
819 2362 894 2426 suo,
918 2363 1011 2410 veros
1035 2347 1168 2410 eventus

72 2459 135 2518 aut
158 2470 252 2517 veros
276 2451 374 2517 animi
398 2449 532 2516 affectus
566 2448 777 2516 adumbrasse
808 2447 987 2533 negant2),
1020 2449 1168 2531 quamsi

72 2559 132 2641 qui
156 2558 296 2623 omnium
328 2557 396 2622 eius
425 2556 603 2621 carminum
636 2573 752 2621 causas
776 2573 815 2620 ex
837 2555 925 2620 vitae
948 2555 1087 2621 veritate
1110 2552 1166 2620 de-

72 2669 247 2746 promptas
283 2680 355 2728 esse
379 2661 573 2727 existimant.
621 2660 701 2726 Cum
735 2659 820 2725 enim
843 2659 1111 2744 exempli‘gratia
1133 2658 1167 2723 in

73 2769 186 2853 elegia
221 2769 236 2836 l
260 2772 277 2832 2
301 2767 506 2849 Propertium
535 2767 604 2832 sine
637 2763 734 2830 dubio
755 2784 941 2831 memorem
968 2764 1068 2830 fuisse
1090 2783 1165 2846 poe·

71 2883 186 2941 tarum
208 2871 515 2954 Alexandrinorum,
549 2871 688 2955 elegiam
721 2870 778 2936 13
803 2891 822 2936 a
844 2871 931 2936 vitae
955 2869 1092 2935 veritate
1114 2888 1165 2934 re·

73 2977 293 3045 motissimam
332 2973 524 3060 magnificae
556 2980 683 3040 tantum
712 2993 849 3057 pompae
886 2973 1100 3056 respondere,
1134 2973 1167 3038 in

73 3082 186 3167 elogia
208 3081 224 3146 Ι
247 3080 287 3145 18
306 3085 535 3165 argumentum
556 3079 642 3146 inter
665 3079 900 3146 Alexandrinos
923 3085 1039 3162 poetas
1062 3096 1165 3160 paene

72 3185 241 3271 publicum
273 3185 422 3251 exornari
452 3203 550 3267 supra
574 3185 919 3267 demonstraverimus,
954 3202 993 3250 ex
1015 3178 1165 3248 laudibus

75 3290 257 3375 Cynthiae,
292 3308 374 3371 quae
405 3290 609 3358 continentur
642 3290 748 3376 elegia
772 3290 804 3354 ll
829 3293 866 3371 3,
898 3288 1036 3370 plurima
1059 3285 1165 3353 suble-

74 3399 168 3486 gisse
199 3401 331 3478 poetam
352 3413 391 3460 ex
414 3395 549 3462 Graecis
578 3395 645 3462 suis
668 3393 854 3462 auctoribus
894 3393 957 3458 nisi
990 3392 1165 3458 temeraria

74 3499 273 3582 obloquendi
305 3498 455 3580 cupidine
491 3506 605 3582 captus
636 3519 729 3566 namo
751 3503 867 3584 neget,
898 3498 931 3561 in
956 3497 1062 3581 elegia
1084 3497 1100 3562 Ι
1125 3503 1164 3562 16

76 3607 216 3686 aliisque
248 3621 311 3668 non
344 3602 405 3668 soli
427 3604 597 3686 Propertio
625 3605 774 3687 proprias
798 3601 1000 3668 conditiones
1023 3601 1165 3667 describi

76 3714 216 3792 constet,
240 3713 434 3774 nontamen
457 3709 575 3776 desunt
595 3709 745 3794 uestigia,
767 3708 855 3774 vitae
878 3706 980 3789 ipsius
1003 3705 1163 3775 lataPro·

76 3816 219 3902 portium
238 3830 336 3895 saepe
350 3812 392 3878 ad
405 3814 549 3879 carmina
564 3813 736 3899 pangenda
753 3810 978 3878 inflammasse.
1022 3810 1164 3876 Primum

80 3938 161 4005 quos
194 3916 384 4000 Propertius
406 3917 421 3981 I
445 3923 484 3999 43
517 3922 552 3998 53
588 3922 606 3984 6
631 3918 671 3983 al.
691 3916 811 3983 ¹amice
834 3915 978 3998 appellat
1000 3915 1163 4000 aequales,

88 4051 158 4060 μ..-

157 4104 183 4176 1)
202 4103 237 4160 cl.
245 4104 306 4160 Tib.
321 4106 335 4158 Ι
353 4107 378 4174 6,
398 4108 414 4161 3
433 4112 460 4160 et
478 4105 529 4174 18,
547 4107 583 4160 49
601 4104 739 4160 etDissen
756 4103 810 4174 ibi;
830 4103 906 4160 Ovid.
925 4111 987 4161 met.
1007 4105 1128 4160 ΧΠ292.

152 4195 181 4266 2)
199 4195 272 4264 quod
296 4211 384 4264 nuper
409 4194 478 4252 satis
498 4195 629 4252 audacter
654 4193 719 4249 fecit
737 4193 831 4248 Faltin
848 4209 941 4263 progr.
961 4211 1048 4266 gymn.
1066 4194 1163 4250 Eison-

81 4285 156 4352 bcrg.
182 4285 250 4338 1876
275 4299 301 4352 p.
323 4287 365 4354 17,
385 4287 432 4352 20,
452 4286 494 4339 22.
541 4283 633 4339 Etiam
659 4283 715 4338 Leo
741 4281 836 4352 philol.
866 4281 1112 4353 Untersuohungen
1136 4281 1163 4338 II

83 4375 149 4432 1881
170 4387 197 4446 p.
216 4373 252 4428 20
270 4388 310 4445 sq.
329 4373 381 4432 hac
406 4373 514 4445 quidem
540 4374 569 4430 in
594 4387 624 4428 re
642 4371 703 4429 falli
720 4371 787 4428 mihi
805 4370 919 4429 videtur.
