2806 4808
631 400 668 460 21

103 564 240 630 deorum
263 583 325 630 non
348 566 515 646 pervenire
537 568 588 632 vel
611 569 688 634 deos
710 575 807 651 rupta
835 571 906 636 iura
936 573 1070 640 iuranda
1100 593 1187 640 ama·

102 669 192 735 toria
212 687 317 750 poena
339 689 402 736 non
425 671 538 753 exequi
560 672 735 756 legatu11).

193 772 262 840 Tib.
288 774 356 855 14,
380 780 418 840 21

607 883 743 950 Veneris
764 884 907 966 periuria
928 888 1016 953 venti

235 985 333 1052 inrita
354 1004 413 1068 per
435 991 541 1054 terras
563 993 597 1054 et
617 987 702 1055 freta
724 1007 848 1056 summa
870 990 978 1057 ferunt

101 1089 205 1172 Lygd.
230 1095 259 1170 6,
283 1095 325 1156 49

594 1199 737 1280 periuria
758 1199 845 1266 ridet
866 1177 1028 1268 u'mantum

233 1300 380 1382 luppiter
402 1307 436 1368 et
457 1307 570 1369 ventos
591 1304 690 1370 inrita
712 1304 797 1370 ferre
819 1304 910 1372 iubet

101 1404 161 1470 Ov.
186 1423 248 1470 am.
270 1405 302 1470 11
325 1411 355 1486 8,
380 1410 421 1474 20
444 1407 615 1490 (Venerem
638 1409 835 1493 adloquitur)

232 1515 278 1589 tu,
302 1510 373 1592 dea,
396 1516 433 1578 tu
454 1511 566 1580 iubeas
588 1515 685 1580 animi
706 1515 850 1596 periuria
870 1517 942 1597 puri

272 1615 480 1698 Carpathium
503 1619 630 1701 tepidos
652 1639 712 1701 per
733 1637 822 1686 mure
844 1619 930 1687 terre
953 1628 1047 1689 notos

98 1718 329 1800 erulam

230 1825 329 1894 verba
351 1828 531 1910 puellarum
550 1835 665 1896 ventus
686 1835 720 1898 et
741 1831 828 1898 unda
850 1831 957 1898 ferunt

99 1934 136 1996 et
159 1934 220 1996 art.
243 1931 345 1998 1633

229 2036 375 2118 Iuppiter
398 2057 436 2104 ex
459 2038 525 2105 alto
548 2039 690 2122 periuria
711 2039 798 2106 ridet
820 2045 982 2107 amantum

274 2146 308 2207 et
329 2141 419 2208 iubet
440 2143 567 2211 Aeolios
589 2144 688 2211 inrita
710 2143 796 2210 ferre
818 2149 912 2210 notos

98 2245 201 2328 (quod
225 2246 376 2313 cohaeret
398 2267 469 2314 oum
492 2249 548 2314 illo
571 2248 641 2314 loeo
663 2249 832 2332 Lygdami)
856 2250 949 2332 Prop.
974 2251 1023 2316 III
1046 2256 1097 2331 28,
1121 2258 1140 2316 8

230 2351 384 2434 quidquid
407 2353 564 2432 iurarunt,
588 2358 702 2419 ventus
725 2358 759 2419 et
781 2353 867 2420 unda
888 2355 984 2436 rapit.

190 2455 257 2522 Hos
281 2475 390 2522 omnes
420 2462 534 2538 poetas
565 2476 627 2522 uno
661 2459 836 2541 eodemque
867 2465 998 2526 auctore
1029 2460 1081 2526 vel
1115 2461 1185 2542 ipso

98 2560 151 2624 vel
174 2559 365 2642 interposito
389 2561 452 2628 alio
476 2561 612 2643 quodam
635 2562 793 2644 scriptore
818 2581 894 2630 usos
925 2563 1042 2644 tuisse,
1077 2564 1185 2632 fucere

99 2684 165 2730 non
193 2683 341 2746 possum,
377 2667 452 2748 quin
483 2667 621 2733 credam.
681 2667 759 2744 Quis
793 2669 876 2734 enim
909 2688 1047 2751 uuquam
1080 2670 1185 2735 animo

99 2769 370 2852 comprehendere
393 2777 516 2854 potest,
543 2791 632 2838 mero
656 2791 733 2838 casu
754 2772 873 2840 factum
896 2792 985 2853 esse,
1016 2779 1053 2840 ut
1076 2773 1186 2841 Tibul·

99 2877 161 2955 lus,
185 2875 377 2959 Lygdamus,
401 2878 599 2959 Propertius,
624 2877 756 2944 Ovidius
780 2879 1007 2960 coniungerent
1025 2897 1096 2946 eam
1112 2898 1185 2945 sen·

97 2981 251 3060 tentiam,
288 3000 369 3063 quae
399 2982 438 3048 de
469 2983 548 3048 iuris
575 2981 702 3048 iurandi
725 2983 873 3048 amatorii
896 2983 1038 3048 vanitate
1062 2988 1183 3066 ageret,

102 3104 175 3151 oum
197 3085 270 3165 illo,
304 3105 384 3168 quae
417 3105 500 3153 vana
532 3087 619 3153 diota
648 3087 752 3152 ventis
781 3087 852 3169 rapi
883 3087 1030 3154 diceret?
1074 3087 1185 3169 Neque

99 3209 177 3256 vero
200 3191 300 3256 ueteri
322 3211 361 3256 ex
385 3191 512 3257 Tibullo
534 3192 617 3258 hano
639 3193 832 3258 sententiam
855 3192 1029 3273 sumpsisse
1051 3192 1185 3274 putandi

100 3301 186 3362 sunt.
229 3294 311 3360 Nam
333 3297 447 3364 mirum
472 3315 548 3364 sane
572 3302 668 3375 esset,
693 3298 720 3363 si
743 3297 832 3362 illum
852 3296 956 3362 locum
972 3296 1186 3364 Tibulliannm

98 3405 192 3470 tanto
215 3419 324 3466 amore
348 3401 486 3483 amplexi
508 3407 617 3468 essent
639 3401 827 3483 Propertius
857 3407 954 3483 atque
977 3401 1126 3482 Ovidius,
1149 3409 1185 3470 ut

99 3525 173 3572 eum
196 3506 316 3572 totiens
337 3511 533 3588 repeterent.
578 3507 652 3573 Mea
667 3507 794 3589 quidem
810 3507 971 3574 sententia
985 3525 1047 3572 non
1062 3525 1101 3573 ea
1123 3505 1185 3572 luit

98 3611 294 3680 auctoritate
328 3610 491 3693 Tibullus,
534 3631 627 3694 quem
660 3616 777 3695 poetae
809 3611 876 3678 fere
909 3611 1060 3693 aequales
1092 3616 1184 3678 tanto

99 3717 208 3784 studio
230 3717 442 3782 imitarentur.

186 3823 299 3906 Itaque
322 3822 369 3888 sie
391 3840 523 3902 censeo,
558 3841 596 3887 ex
620 3823 744 3888 Graeco
767 3821 904 3904 quodam
936 3826 1068 3888 auctore
1096 3838 1181 3888 sum·

104 3965 190 3974 m...
194 3964 310 3972 ..,--...

175 4040 202 4110 1)
221 4039 256 4095 ef.
281 4039 450 4095 Boissouude
479 4040 514 4096 ad
547 4040 620 4095 anth.
649 4040 707 4095 Pal.
733 4041 759 4095 Χ
783 4042 818 4096 56
846 4049 873 4096 et
897 4041 1034 4096 Aristaeo.
1067 4057 1093 4110 p.
1114 4043 1182 4112 7293

100 4129 200 4184 Nauok
217 4127 371 4198 fragmenta
388 4130 556 4199 tragicorum
575 4146 601 4199 p.
621 4133 692 4200 7203
711 4131 817 4186 Preller
835 4131 917 4202 myth.
938 4130 1033 4187 Graec.
1052 4131 1066 4185 I
1084 4147 1111 4200 p.
1132 4134 1184 4186 110

98 4218 140 4273 ed.
159 4219 214 4288 1113
244 4219 383 4274 Burmann
401 4219 436 4274 ad
454 4220 536 4288 Prop.
554 4219 581 4272 11
606 4222 639 4274 21
660 4220 712 4290 (ΙΠ
730 4221 785 4291 28),
806 4223 856 4291 10;
885 4221 1041 4289 Hertzborg
1065 4221 1100 4277 ad
1119 4236 1184 4277 eun·

99 4309 160 4363 dem
179 4309 284 4380 loeum;
304 4308 452 4364 Schneider
471 4309 538 4364 Gall.
557 4309 570 4362 I
589 4326 618 4376 p.
639 4311 704 4379 4213
730 4309 849 4365 Leutseh
868 4325 988 4380 paruam.
1008 4310 1103 4368 Graec.
1122 4312 1135 4365 I
1153 4328 1180 4381 p.

98 4400 150 4453 441
172 4405 199 4454 et
217 4399 243 4452 Π
260 4415 287 4468 p.
307 4401 373 4469 379;
393 4399 520 4468 Zingerle
539 4398 651 4456 Ouidius
670 4400 683 4454 l
701 4417 728 4468 p.
746 4402 782 4454 40
801 4416 840 4470 rq.
860 4408 888 4457 et
905 4405 940 4456 82
959 4417 998 4470 sq.
