2806 4808
611 397 651 458 35

79 585 113 631 v.
143 571 193 630 11.
239 583 340 630 aurea
363 583 422 631 nec
445 563 539 632 video
563 584 620 631 cur
641 564 791 633 flammea
813 567 929 635 vertici
950 575 1071 653 portes,

196 688 299 735 aurea
322 689 398 735 nam
419 671 505 737 nudo
527 671 650 737 vertice
672 677 744 738 tota
766 672 850 738 nites

84 813 117 860 v.
145 797 195 858 15.
243 812 302 858 ora
325 791 407 858 iacis
428 793 531 860 vitreo
554 792 615 859 tibi
638 793 859 876 splendidiora
881 795 997 879 nitore,

196 917 269 964 cum
292 904 404 964 tamen
426 919 484 965 ora
506 899 590 965 vitro
614 899 834 980 splendidiora
856 918 954 984 geras

81 1041 115 1085 v.
140 1025 193 1085 23.
233 1021 302 1103 dic,
326 1026 450 1088 teretes
474 1022 596 1107 digitos
620 1041 720 1104 quare
743 1023 856 1088 anulus
880 1027 913 1088 et
934 1022 1018 1104 lapis
1041 1023 1152 1108 ambit,

201 1145 273 1192 cum
295 1131 418 1192 teretes
442 1127 538 1211 digiti
562 1126 640 1191 dent
662 1125 803 1208 pretium
825 1125 952 1208 lapidi?

175 1305 276 1371 Vides
299 1306 400 1371 talem
421 1323 493 1371 cum
511 1305 681 1386 Propertio
705 1305 966 1388 discrepantiam,
990 1323 1073 1386 quae
1090 1304 1174 1372 hunc

83 1414 255 1475 auctorem
277 1408 378 1474 luisse
400 1413 517 1490 poetae
538 1409 625 1475 illius
648 1427 771 1494 negare
793 1427 852 1474 noe
876 1413 987 1494 cogat,
1017 1408 1174 1492 simulque

83 1519 279 1580 concentum
314 1511 595 1579 notabileminter
617 1514 752 1579 Paulum
782 1518 880 1594 atque
912 1519 1042 1595 poetam
1070 1515 1175 1580 incer-

83 1624 158 1685 tum
180 1619 341 1684 Latinum.
387 1618 502 1699 Itaque
532 1623 588 1684 aut
620 1637 730 1684 omnes
765 1637 803 1683 ex
834 1618 957 1686 eisdem
979 1618 1174 1703 auctoribus,

83 1725 118 1788 h.
144 1743 172 1789 e.
197 1723 385 1806 Propertius
409 1743 448 1788 ex
469 1723 549 1804 ipsis
572 1725 725 1806 proxime,
747 1723 911 1790 inferioris
934 1725 1054 1791 aetatis
1076 1729 1173 1806 poeta

84 1833 144 1897 ille
159 1831 295 1898 Latinus
310 1838 343 1898 et
357 1831 499 1897 fortasse
514 1831 634 1897 Paulus
649 1831 852 1913 interpositis
873 1831 1086 1898 veterioribus
1097 1850 1174 1913 poe·

85 1937 142 2020 tis,
158 1936 301 2019 pendere
312 1936 448 2018 putandi
460 1941 545 2018 sunt,
563 1941 619 2001 aut
635 1955 674 2000 ex
684 1936 854 2018 Propertio
865 1937 1010 2020 Paulum,
1026 1937 1174 2002 exPaulo

84 2060 166 2107 vero
199 2047 331 2124 poetam
353 2042 504 2107 Latinum
533 2041 681 2107 hausisse
713 2041 933 2107 existimemus
955 2060 1089 2107 necesse
1112 2047 1172 2108 est.

85 2147 197 2228 Atque
220 2146 293 2212 huic
317 2147 446 2229 quidem
469 2145 611 2228 opinioni
632 2145 735 2229 primo
751 2145 914 2211 oculorum
936 2144 1051 2212 obtutu
1065 2145 1174 2212 favere

85 2251 234 2333 videtur,
258 2251 363 2333 quod,
388 2270 470 2332 quae
494 2250 579 2332 apud
604 2250 810 2332 Propertium
832 2250 1031 2332 Paulumque
1053 2249 1174 2334 legitur

86 2356 290 2438 comparatio
312 2356 493 2437 puellarum
515 2354 741 2437 pulcritudinis
757 2355 912 2437 simplicis
935 2374 1007 2421 cum
1029 2354 1172 2421 naturali

86 2460 307 2542 amoenitate,
340 2460 471 2542 propria
494 2459 653 2540 quaedam
675 2464 726 2524 111
749 2463 783 2524 11
803 2457 891 2524 haud
913 2457 1065 2543 vulgaris.
1111 2457 1176 2524 Sed

85 2585 130 2631 ne
152 2566 214 2632 hoc
229 2564 358 2646 quidem
380 2583 432 2630 me
454 2570 570 2646 movet,
593 2570 630 2630 ut
641 2563 776 2630 Paulum
798 2565 882 2629 hanc
901 2563 1174 2646 comparationem

86 2670 260 2752 Propertio
292 2667 443 2735 debuisse
477 2669 618 2734 credam.
671 2668 821 2734 Vsitatae
859 2668 942 2734 enim
983 2673 1057 2734 sunt
1088 2667 1173 2750 apud

87 2781 204 2858 poetas
225 2774 460 2840 Alexandrinos
483 2773 596 2838 laudes
620 2773 852 2839 amoenitatum
870 2778 1017 2856 naturae,
1040 2778 1076 2840 ut
1090 2770 1174 2840 bene

88 2882 269 2947 docuerunt
291 2881 488 2945 Woermann
518 2877 620 2944 ueber
649 2879 712 2943 den
741 2877 1031 2943 landechaftlichen
1054 2878 1174 2945 Natur-

88 2985 163 3052 sinn
186 2987 243 3052 der
256 2977 417 3050 Griechen
433 2983 497 3049 und
510 2984 649 3048 Roemer
672 2982 863 3065 (Muenchen
882 2985 979 3064 1811)
1000 3001 1031 3064 p.
1045 2988 1085 3048 13
1102 3001 1172 3066 sqq.

88 3097 124 3157 11
147 3089 268 3175 Helbig
290 3088 582 3172 Untersuchungen
605 3107 635 3168 p.
653 3092 715 3153 269
731 3105 800 3168 sqq.
847 3087 989 3164 Quorum
1006 3093 1174 3154 auctorum

87 3196 255 3281 ingenium
270 3193 461 3261 Philostrati
475 3211 600 3274 quoque
624 3191 761 3274 epistola
780 3197 819 3256 27
835 3194 930 3276 sapit,
954 3193 1010 3276 qui
1032 3199 1065 3259 et
1086 3193 1173 3259 idem
1237 3211 1239 3217 ’

87 3301 268 3383 fructuum,
301 3300 485 3381 stellarum,
519 3298 625 3363 avium
665 3297 808 3362 nativam
839 3299 1070 3364 amoenitatem
1101 3315 1173 3362 cum

88 3407 262 3490 puerinon
285 3405 362 3470 culti
374 3407 545 3469 venustate
569 3407 737 3484 comparat
759 3399 849 3474 καλὸς
873 3401 908 3487 εἴ,
931 3403 985 3466 κᾶν
1010 3403 1050 3488 μὴ
1070 3402 1172 3488 θέλῃς,

89 3509 142 3575 καὶ
165 3509 276 3582 πάντας
299 3510 394 3579 ἕλκεις
416 3511 458 3593 τῷ
481 3506 545 3570 λίαν
570 3506 781 3592 ἀμελουμένῳ,
815 3509 915 3593 ὥσπερ
947 3510 974 3572 οἱ
998 3509 1102 3594 βότρυς
1124 3504 1174 3571 καὶ

88 3615 127 3680 τὰ
159 3617 240 3701 μῆλα
271 3612 321 3678 καὶ
351 3611 379 3676 εἴ
407 3637 435 3676 τι
468 3609 542 3675 ἄλλο
577 3611 742 3696 αὐτόματον
771 3614 861 3676 καλόν
886 3665 892 3680 .
918 3663 925 3677 .
950 3663 957 3676 .
983 3612 1080 3686 οὐδεὶς
1103 3610 1174 3676 οὐδὲ

89 3721 218 3808 ἀστέρας
249 3717 311 3783 εἶδε
342 3717 564 3803 κοσμουμένους
595 3716 666 3781 οὐδὲ
688 3717 809 3803 ὄρνιθας
831 3719 890 3782 κτὲ.
938 3719 1045 3797 Quare
1075 3720 1173 3786 istam

90 3826 375 3910 comparationem,
399 3843 482 3906 quae
504 3829 537 3890 et
558 3824 644 3906 apud
657 3824 860 3906 Propertium
879 3829 912 3890 11
935 3826 1020 3908 apud
1039 3827 1174 3892 Paulum

88 3930 288 4015 inveniatur,
313 3929 472 3997 communi
494 3927 577 3994 fonti
599 3928 724 3994 Graeco
752 3928 977 3996 vindicandam
1007 3948 1079 3996 esse
1113 3948 1174 4012 pro

89 4045 181 4107 certo
203 4037 319 4121 habeo,
343 4037 445 4102 itaut
468 4039 524 4100 aut
540 4032 685 4100 celebres
707 4052 820 4100 versus
840 4035 1049 4102 Alexandrini
1069 4035 1173 4101 cuius·

89 4145 165 4212 dam
187 4150 304 4227 poetae
328 4141 369 4208 ab
392 4147 530 4223 utroque
554 4140 698 4222 expressi
721 4141 806 4222 sint,
830 4147 904 4223 aut,
936 4140 1020 4222 quod
1042 4141 1174 4223 propius

90 4250 133 4316 ad
167 4250 340 4315 veritatem
380 4245 537 4312 accedere
568 4244 647 4310 mihi
677 4245 823 4327 videtur,
853 4244 982 4310 illorum
1012 4246 1173 4312 mentibus

90 4360 260 4436 poetarum
282 4351 571 4418 Alexandrinorum
602 4349 795 4433 pervulgata
817 4350 980 4416 sententia
1002 4349 1175 4416 obversata

918 4455 934 4493 >it

889 4495 909 4554 3
