2806 4808
611 335 648 394 51

70 498 225 586 Ἔρωτος
247 503 423 585 nazaraeno
448 521 538 568 arma
561 502 725 587 depingit,
749 507 847 584 atque
869 500 1009 568 libenter
1031 501 1177 570 antholo-

74 609 163 693 giae
188 607 357 674 Palatinae
389 612 507 690 poetae
542 607 615 672 huic
648 607 708 673 deo
731 605 819 672 alato
841 607 983 673 renisum
1004 608 1175 674 mortalem

76 714 119 778 In
136 712 280 795 iniquum
305 717 472 777 certamen
497 712 697 778 descendere
720 718 917 779 asseverant.
965 711 1005 778 ci.
1023 713 1177 780 Archiam

80 819 180 885 anth.
203 817 272 884 Pal.
296 817 325 882 V
350 822 389 883 59

185 921 306 1007 φεύγειν
331 923 376 985 δεῖ
397 919 446 985 τὸν
463 916 610 1006 Ἔρωτα;
633 919 717 993 κενὸς
739 923 845 994 πόνος·
868 921 903 985 οὐ
926 919 982 1007 γὰρ
1007 921 1106 994 ἀλύξω

221 1025 314 1099 πεζὸς
337 1025 393 1090 ὑπὸ
417 1031 529 1111 πτηνοῦ
551 1023 647 1090 πυκνὰ
671 1027 852 1112 διωκόμενος
865 1025 899 1112 ¹).

82 1132 150 1199 Cui
174 1151 249 1199 vero
271 1151 334 1200 uon
358 1132 519 1215 Propertii
542 1131 630 1198 venit
652 1132 685 1197 in
706 1139 848 1199 mentem
869 1133 992 1219 legenti
1012 1132 1106 1199 Pauli
1129 1131 1178 1200 si-

81 1238 235 1306 lentiarii
258 1239 462 1324 epigramma
484 1237 622 1304 XXXVI
645 1237 747 1321 (anth.
771 1238 839 1303 Pal.
864 1237 892 1304 V
918 1238 1021 1323 301)?

180 1343 205 1404 εἰ
228 1339 278 1405 καὶ
300 1342 451 1428 τηλοτέρω
477 1341 600 1427 Μερόης
621 1339 687 1406 τεὸν
710 1340 792 1428 ἴχνος
814 1342 946 1427 ἐρείοεις,

220 1446 330 1533 πτηνὸς
348 1443 451 1532 Ἔρως
473 1445 581 1532 πτηνὸν
605 1447 686 1510 κεῖσέ
710 1471 747 1530 με
770 1447 864 1532 ῥᾷστα
887 1447 973 1533 φέρει
985 1446 1021 1533 ²),

179 1553 204 1615 εἰ
227 1550 277 1617 καὶ
301 1553 331 1626 ἐς
354 1552 490 1638 ἀντολίην
513 1551 587 1638 πρὸς
610 1553 758 1639 ὁμόχροον
780 1550 856 1624 ἵξεαι
875 1550 957 1634 Ἠῶ,

221 1656 313 1730 πεζὸς
336 1659 513 1744 ἀμετρήτοις
537 1659 649 1744 ἕψομαι
671 1659 701 1722 ἐν
725 1658 855 1732 σταδίοις
867 1657 904 1743 ³),

85 1781 231 1846 quocum
252 1763 378 1846 pridem
400 1769 590 1846 comparata
613 1769 664 1829 eat
686 1765 848 1847 Propertii
871 1764 978 1851 elegia
1001 1763 1049 1830 III
1073 1767 1114 1828 30

183 1887 246 1950 quo
268 1867 365 1954 fugio,
389 1889 409 1935 a
434 1869 592 1934 demens?
615 1869 703 1935 nulla
726 1875 777 1935 est
799 1867 896 1955 iuga:
924 1875 961 1935 tu
983 1868 1061 1935 licet
1078 1886 1178 1950 usque

225 1973 266 2040 ad
291 1974 416 2040 Tanain
438 1972 556 2060 iugIas,
580 1992 680 2057 usque
703 1979 857 2056 sequetur
879 1975 987 2056 Amor,

178 2097 242 2145 non
265 2078 294 2144 si
316 2079 465 2164 Pegaseo
487 2079 627 2145 vecteris
650 2079 683 2143 in
706 2097 783 2145 aere
806 2078 912 2162 dorso,

60 2269 68 2280 ⁶
219 2202 278 2249 nec
300 2183 362 2249 tibi
384 2184 414 2249 si
435 2183 549 2249 Persei
572 2185 708 2249 moverit
731 2184 784 2250 ala
805 2183 917 2266 pedes,

175 2288 226 2353 vel
248 2289 277 2354 si
299 2294 333 2354 te
356 2294 466 2354 sectae
489 2289 619 2371 rapiant
641 2287 800 2354 talaribus
824 2307 934 2369 aurae,

221 2392 266 2458 nil
288 2392 349 2458 tibi
371 2393 525 2459 Mercurii
546 2393 693 2475 proderit
715 2392 873 2476 altaria,

179 2497 281 2564 Instat
303 2517 432 2581 semper
453 2499 552 2563 Amor
574 2516 672 2581 supra
696 2503 803 2581 caput,
826 2497 929 2563 instat
951 2496 1083 2574 amanti,

224 2608 257 2668 et
280 2603 392 2689 gravis
414 2601 521 2685 ipsae
546 2621 644 2685 super
667 2601 770 2668 libera
793 2602 876 2669 colla
899 2600 993 2668 sedet
1015 2619 1081 2684 eqo.

89 2706 200 2773 Maior
221 2713 331 2773 tamen
354 2705 526 2774 verborum
548 2726 645 2790 quam
667 2707 903 2774 sententiarum
924 2704 1101 2773 similitudo
1118 2709 1177 2770 est.

91 2811 180 2878 Nam
201 2812 390 2894 Propertius
422 2813 582 2880 neminem
615 2832 705 2896 esse,
729 2813 783 2895 qui
805 2813 856 2878 vel
879 2811 1067 2896 longissimo
1090 2809 1178 2876 citis-

93 2917 217 2984 simove
239 2917 357 2983 itinere
380 2919 531 2984 Amorem
546 2919 661 3005 fugere
682 2918 795 3001 possit,
818 2918 938 2984 Paulus
964 2935 1040 2982 vero
1064 2934 1099 2982 se
1121 2933 1179 2996 pu·

90 3021 180 3095 ¹ellae
208 3022 259 3086 vel
287 3021 475 3109 longissime
508 3023 742 3107 proficiscentis
774 3022 854 3088 duce
884 3023 1001 3088 Amore
1040 3020 1180 3105 vestigia

90 3145 281 3208 prassinum
310 3146 381 3194 esse
404 3134 579 3194 asseverat.
625 3129 677 3210 Et,
701 3129 734 3192 ni
755 3145 951 3213 magnopere
974 3125 1079 3209 fallor,
1100 3125 1180 3191 duas

92 3231 276 3298 sententiaa
295 3231 531 3318 conglutinavit
563 3238 662 3314 poeta
684 3232 845 3299 Graecus:
876 3232 1016 3297 amantis
1045 3230 1130 3297 enim
1160 3250 1180 3294 a

92 3336 223 3419 puellae
247 3336 351 3402 latere
374 3355 536 3420 nunquam
558 3337 756 3404 discedentis
779 3337 1010 3423 cogitationem
1033 3335 1179 3402 commIa-

94 3442 164 3510 cuit
187 3461 259 3509 cum
282 3441 501 3510 admonitione
523 3443 580 3509 illa
602 3443 683 3510 satis
706 3443 795 3526 trita,
819 3435 860 3508 ne
883 3441 954 3526 quis
976 3441 1104 3508 Amoris
1127 3459 1178 3507 aa·

94 3546 201 3634 gittas
224 3547 333 3613 alasve
356 3545 498 3633 effugere
522 3554 669 3632 conetur,
703 3554 737 3614 et
758 3554 896 3630 utraque
919 3546 1081 3614 sententIa
1104 3564 1178 3612 con·

99 3699 291 3710 -——-———-—-=

174 3763 201 3833 1)
220 3763 254 3818 of.
270 3763 367 3820 Rohde
385 3766 420 3822 ad
439 3767 574 3822 Achillem
592 3766 702 3823 Tatium
720 3783 747 3835 p.
766 3768 809 3834 62,
829 3770 842 3820 1
864 3781 922 3834 sqq.
941 3763 1018 3820 Rom.
1038 3781 1064 3833 p.
1084 3766 1137 3819 480
1155 3780 1180 3818 n.

96 3855 124 3920 4,
145 3851 315 3910 Boisaonade
341 3855 377 3909 ad
395 3855 521 3912 Nicetam
545 3855 649 3925 Eugen.
673 3856 711 3910 IV
731 3859 782 3911 118
800 3857 838 3925 (p.
859 3857 912 3909 200
930 3854 999 3924 sp),
1019 3853 1107 3910 Nicer.
1126 3852 1181 3906 Eu·

94 3957 157 4012 gen.
176 3941 215 3996 IV
232 3946 285 3998 410
303 3951 331 3999 et
348 3944 414 3999 VIII
434 3948 486 4000 100
503 3945 544 4014 Β.,
564 3946 639 4001 anth.
659 3946 736 4000 Plan.
756 3948 816 4000 213.

170 4031 198 4100 2)
218 4033 257 4088 aie
275 4033 401 4106 Dilthoy;
421 4034 506 4090 codex
525 4036 591 4090 κεῖσέ
610 4055 640 4105 με
660 4035 725 4089 ὥστε
744 4036 842 4108 pipam
861 4033 1033 4089 Hermannua
1053 4030 1133 4100 μὀἶότ
1152 4048 1179 4082 τε

95 4123 178 4195 φέρειν
196 4123 316 4192 scripsit.
1088 4177 1091 4184 ,

168 4211 196 4278 3)
216 4226 285 4278 quae
304 4220 462 4282 sequuntur,
481 4213 553 4270 falso
573 4230 633 4269 cum
652 4215 695 4270 hIs
714 4215 837 4270 versibus
856 4213 1001 4268 coniuncta
1019 4216 1090 4266 suut.

169 4302 197 4372 4)
219 4302 311 4369 „ipsa“
333 4305 484 4360 Beroaldus
503 4307 615 4374 scripsit
632 4323 684 4375 pro
704 4307 805 4376 „ipae“.

897 4391 944 4460 4*
