<?xml version="1.0" encoding="UTF-8"?>
<!DOCTYPE html PUBLIC "-//W3C//DTD XHTML 1.0 Transitional//EN"
    "http://www.w3.org/TR/xhtml1/DTD/xhtml1-transitional.dtd">
<html xmlns="http://www.w3.org/1999/xhtml" xml:lang="en" lang="en">
 <head>
  <title>
</title>
<meta http-equiv="Content-Type" content="text/html;charset=utf-8" />
  <meta name='ocr-system' content='tesseract 3.04.00' />
  <meta name='ocr-capabilities' content='ocr_page ocr_carea ocr_par ocr_line ocrx_word'/>
</head>
<body>
  <div class='ocr_page' id='page_1' title='image "./qvaestionesprop00mallgoog_0060.png"; bbox 0 0 2806 4808; ppageno 0'>
   <div class='ocr_carea' id='block_1_1' title="bbox 600 344 641 406">
    <p class='ocr_par' dir='ltr' id='par_1_1' title="bbox 600 344 641 406">
     <span class='ocr_line' id='line_1_1' title="bbox 600 344 641 406; baseline 0.049 -2"><span class='ocrx_word' id='word_1_1' title='bbox 600 344 641 406; x_wconf 89' lang='grc'>49</span> 
     </span>
    </p>
   </div>
   <div class='ocr_carea' id='block_1_2' title="bbox 66 510 1169 3740">
    <p class='ocr_par' dir='ltr' id='par_1_2' title="bbox 66 510 1169 3740">
     <span class='ocr_line' id='line_1_2' title="bbox 66 510 1164 599; baseline -0.002 -17"><span class='ocrx_word' id='word_1_2' title='bbox 66 515 204 584; x_wconf 86' lang='lat' dir='ltr'>laudat.</span> <span class='ocrx_word' id='word_1_3' title='bbox 248 514 348 596; x_wconf 89' lang='lat' dir='ltr'>quue</span> <span class='ocrx_word' id='word_1_4' title='bbox 372 531 443 599; x_wconf 79' lang='lat' dir='ltr'>ego,</span> <span class='ocrx_word' id='word_1_5' title='bbox 467 510 617 594; x_wconf 90' lang='lat' dir='ltr'>quoniam</span> <span class='ocrx_word' id='word_1_6' title='bbox 648 511 690 578; x_wconf 91' lang='lat' dir='ltr'>ad</span> <span class='ocrx_word' id='word_1_7' title='bbox 709 517 914 592; x_wconf 80' lang='lat' dir='ltr'>praesentem</span> <span class='ocrx_word' id='word_1_8' title='bbox 942 511 1164 594; x_wconf 90' lang='lat' dir='ltr'>quaestionem</span> 
     </span>
     <span class='ocr_line' id='line_1_3' title="bbox 67 614 1163 703; baseline -0.004 -15"><span class='ocrx_word' id='word_1_9' title='bbox 67 622 187 687; x_wconf 91' lang='lat' dir='ltr'>minus</span> <span class='ocrx_word' id='word_1_10' title='bbox 210 619 364 703; x_wconf 83' lang='lat' dir='ltr'>pertinet,</span> <span class='ocrx_word' id='word_1_11' title='bbox 388 615 599 682; x_wconf 85' lang='lat' dir='ltr'>iniudicatum</span> <span class='ocrx_word' id='word_1_12' title='bbox 621 614 804 696; x_wconf 88' lang='lat' dir='ltr'>relinquens</span> <span class='ocrx_word' id='word_1_13' title='bbox 813 615 873 681; x_wconf 88' lang='lat' dir='ltr'>hoc</span> <span class='ocrx_word' id='word_1_14' title='bbox 892 621 1002 683; x_wconf 89' lang='lat' dir='ltr'>tamen</span> <span class='ocrx_word' id='word_1_15' title='bbox 1017 622 1163 684; x_wconf 81' lang='lat' dir='ltr'>statuere</span> 
     </span>
     <span class='ocr_line' id='line_1_4' title="bbox 67 718 1166 810; baseline -0.005 -15"><span class='ocrx_word' id='word_1_16' title='bbox 67 743 178 810; x_wconf 87' lang='lat' dir='ltr'>posse</span> <span class='ocrx_word' id='word_1_17' title='bbox 209 724 288 791; x_wconf 92' lang='lat' dir='ltr'>mihi</span> <span class='ocrx_word' id='word_1_18' title='bbox 318 723 446 804; x_wconf 83' lang='lat' dir='ltr'>videor,</span> <span class='ocrx_word' id='word_1_19' title='bbox 478 739 541 787; x_wconf 92' lang='lat' dir='ltr'>non</span> <span class='ocrx_word' id='word_1_20' title='bbox 573 738 612 785; x_wconf 88' lang='lat' dir='ltr'>ex</span> <span class='ocrx_word' id='word_1_21' title='bbox 639 737 697 786; x_wconf 91' lang='lat' dir='ltr'>suo</span> <span class='ocrx_word' id='word_1_22' title='bbox 730 719 860 805; x_wconf 83' lang='lat' dir='ltr'>ingenio</span> <span class='ocrx_word' id='word_1_23' title='bbox 882 718 916 786; x_wconf 91' lang='lat' dir='ltr'>id</span> <span class='ocrx_word' id='word_1_24' title='bbox 940 729 1166 806; x_wconf 83' lang='lat' dir='ltr'>argumentum</span> 
     </span>
     <span class='ocr_line' id='line_1_5' title="bbox 66 822 1167 912; baseline -0.004 -14"><span class='ocrx_word' id='word_1_25' title='bbox 66 831 229 898; x_wconf 81' lang='lat' dir='ltr'>hausisse</span> <span class='ocrx_word' id='word_1_26' title='bbox 251 833 384 912; x_wconf 88' lang='lat' dir='ltr'>poetam</span> <span class='ocrx_word' id='word_1_27' title='bbox 406 824 578 907; x_wconf 89' lang='lat' dir='ltr'>Latinum,</span> <span class='ocrx_word' id='word_1_28' title='bbox 602 824 661 890; x_wconf 91' lang='lat' dir='ltr'>sed</span> <span class='ocrx_word' id='word_1_29' title='bbox 683 828 830 890; x_wconf 88' lang='lat' dir='ltr'>secutum</span> <span class='ocrx_word' id='word_1_30' title='bbox 851 822 953 892; x_wconf 89' lang='lat' dir='ltr'>fuisse</span> <span class='ocrx_word' id='word_1_31' title='bbox 973 828 1167 896; x_wconf 79' lang='lat' dir='ltr'>veteriorem</span> 
     </span>
     <span class='ocr_line' id='line_1_6' title="bbox 70 927 1166 1018; baseline -0.004 -16"><span class='ocrx_word' id='word_1_32' title='bbox 70 935 244 1018; x_wconf 87' lang='lat' dir='ltr'>quendam</span> <span class='ocrx_word' id='word_1_33' title='bbox 261 938 428 1000; x_wconf 88' lang='lat' dir='ltr'>auctorem</span> <span class='ocrx_word' id='word_1_34' title='bbox 448 927 654 997; x_wconf 87' lang='lat' dir='ltr'>inlaudande</span> <span class='ocrx_word' id='word_1_35' title='bbox 663 929 721 994; x_wconf 91' lang='lat' dir='ltr'>illo</span> <span class='ocrx_word' id='word_1_36' title='bbox 730 928 857 996; x_wconf 87' lang='lat' dir='ltr'>Amoris</span> <span class='ocrx_word' id='word_1_37' title='bbox 868 930 1002 1012; x_wconf 87' lang='lat' dir='ltr'>pictore.</span> <span class='ocrx_word' id='word_1_38' title='bbox 1048 932 1166 1011; x_wconf 82' lang='lat' dir='ltr'>Quam-</span> 
     </span>
     <span class='ocr_line' id='line_1_7' title="bbox 69 1035 1126 1124; baseline -0.015 -15"><span class='ocrx_word' id='word_1_39' title='bbox 69 1059 179 1124; x_wconf 91' lang='lat' dir='ltr'>quam</span> <span class='ocrx_word' id='word_1_40' title='bbox 201 1040 338 1106; x_wconf 83' lang='lat' dir='ltr'>Tzetzes</span> <span class='ocrx_word' id='word_1_41' title='bbox 361 1036 497 1103; x_wconf 87' lang='lat' dir='ltr'>Chiliad.</span> <span class='ocrx_word' id='word_1_42' title='bbox 523 1035 552 1100; x_wconf 87' lang='lat' dir='ltr'>V</span> <span class='ocrx_word' id='word_1_43' title='bbox 578 1040 641 1101; x_wconf 88' lang='lat'>500</span> <span class='ocrx_word' id='word_1_44' title='bbox 1123 1054 1126 1061; x_wconf 45' lang='lat'><strong><em>¹</em></strong></span> 
     </span>
     <span class='ocr_line' id='line_1_8' title="bbox 171 1133 925 1230; baseline -0.008 -21"><span class='ocrx_word' id='word_1_45' title='bbox 171 1145 280 1230; x_wconf 84' lang='grc' dir='ltr'>ὡραῖον</span> <span class='ocrx_word' id='word_1_46' title='bbox 303 1143 368 1207; x_wconf 84' lang='grc' dir='ltr'>νέον</span> <span class='ocrx_word' id='word_1_47' title='bbox 393 1140 521 1226; x_wconf 84' lang='grc' dir='ltr'>μείρακα</span> <span class='ocrx_word' id='word_1_48' title='bbox 542 1137 591 1204; x_wconf 85' lang='grc' dir='ltr'>τόν</span> <span class='ocrx_word' id='word_1_49' title='bbox 608 1133 736 1223; x_wconf 82' lang='grc' dir='ltr'>Ἔρωτα</span> <span class='ocrx_word' id='word_1_50' title='bbox 760 1138 925 1225; x_wconf 75' lang='grc' dir='ltr'><strong>ζωγράφοι,</strong></span> 
     </span>
     <span class='ocr_line' id='line_1_9' title="bbox 170 1242 951 1334; baseline -0.006 -21"><span class='ocrx_word' id='word_1_51' title='bbox 170 1251 290 1334; x_wconf 77' lang='grc' dir='ltr'><strong>τοξότην</strong></span> <span class='ocrx_word' id='word_1_52' title='bbox 316 1248 511 1331; x_wconf 73' lang='grc' dir='ltr'>ζωγραφοῦοι</span> <span class='ocrx_word' id='word_1_53' title='bbox 532 1268 564 1307; x_wconf 85' lang='grc' dir='ltr'>τε</span> <span class='ocrx_word' id='word_1_54' title='bbox 588 1243 706 1329; x_wconf 86' lang='grc' dir='ltr'>οόναρα</span> <span class='ocrx_word' id='word_1_55' title='bbox 728 1242 778 1308; x_wconf 84' lang='grc' dir='ltr'>καὶ</span> <span class='ocrx_word' id='word_1_56' title='bbox 801 1246 951 1332; x_wconf 81' lang='grc' dir='ltr'>πυρφόρον</span> 
     </span>
     <span class='ocr_line' id='line_1_10' title="bbox 169 1347 960 1440; baseline -0.006 -22"><span class='ocrx_word' id='word_1_57' title='bbox 169 1353 220 1418; x_wconf 79' lang='grc' dir='ltr'>καὶ</span> <span class='ocrx_word' id='word_1_58' title='bbox 243 1349 391 1440; x_wconf 83' lang='grc' dir='ltr'>πτερωτόν</span> <span class='ocrx_word' id='word_1_59' title='bbox 415 1349 580 1436; x_wconf 79' lang='grc' dir='ltr'>κατέχοντα</span> <span class='ocrx_word' id='word_1_60' title='bbox 602 1350 727 1434; x_wconf 82' lang='grc' dir='ltr'>δελφῖνα</span> <span class='ocrx_word' id='word_1_61' title='bbox 748 1373 780 1412; x_wconf 80' lang='grc' dir='ltr'>τε</span> <span class='ocrx_word' id='word_1_62' title='bbox 802 1347 852 1412; x_wconf 79' lang='grc' dir='ltr'>καὶ</span> <span class='ocrx_word' id='word_1_63' title='bbox 875 1351 960 1431; x_wconf 86' lang='grc' dir='ltr'>πόαν,</span> 
     </span>
     <span class='ocr_line' id='line_1_11' title="bbox 70 1453 1100 1537; baseline -0.012 -7"><span class='ocrx_word' id='word_1_64' title='bbox 70 1479 158 1530; x_wconf 89' lang='lat' dir='ltr'>num</span> <span class='ocrx_word' id='word_1_65' title='bbox 180 1459 324 1527; x_wconf 84' lang='lat' dir='ltr'>fontibus</span> <span class='ocrx_word' id='word_1_66' title='bbox 345 1475 422 1524; x_wconf 90' lang='lat' dir='ltr'>usus</span> <span class='ocrx_word' id='word_1_67' title='bbox 445 1456 488 1521; x_wconf 89' lang='lat' dir='ltr'>sit</span> <span class='ocrx_word' id='word_1_68' title='bbox 509 1454 605 1521; x_wconf 90' lang='lat' dir='ltr'>hodie</span> <span class='ocrx_word' id='word_1_69' title='bbox 629 1453 765 1537; x_wconf 88' lang='lat' dir='ltr'>obrutis,</span> <span class='ocrx_word' id='word_1_70' title='bbox 789 1454 859 1521; x_wconf 89' lang='lat' dir='ltr'>iure</span> <span class='ocrx_word' id='word_1_71' title='bbox 882 1460 938 1522; x_wconf 91' lang='lat' dir='ltr'>tuo</span> <span class='ocrx_word' id='word_1_72' title='bbox 961 1453 1100 1521; x_wconf 85' lang='lat' dir='ltr'>dubites.</span> 
     </span>
     <span class='ocr_line' id='line_1_12' title="bbox 156 1559 1166 1648; baseline -0.003 -20"><span class='ocrx_word' id='word_1_73' title='bbox 156 1565 234 1633; x_wconf 71' lang='lat' dir='ltr'>Sed</span> <span class='ocrx_word' id='word_1_74' title='bbox 257 1565 292 1630; x_wconf 92' lang='lat' dir='ltr'>in</span> <span class='ocrx_word' id='word_1_75' title='bbox 314 1562 451 1648; x_wconf 86' lang='lat' dir='ltr'>singulis</span> <span class='ocrx_word' id='word_1_76' title='bbox 475 1579 600 1642; x_wconf 89' lang='lat' dir='ltr'>quoque</span> <span class='ocrx_word' id='word_1_77' title='bbox 624 1560 804 1642; x_wconf 89' lang='lat' dir='ltr'>sententiis,</span> <span class='ocrx_word' id='word_1_78' title='bbox 828 1559 944 1641; x_wconf 92' lang='lat' dir='ltr'>quibus</span> <span class='ocrx_word' id='word_1_79' title='bbox 960 1560 1087 1627; x_wconf 79' lang='lat' dir='ltr'>Amoris</span> <span class='ocrx_word' id='word_1_80' title='bbox 1110 1579 1166 1625; x_wconf 89' lang='lat' dir='ltr'>nc-</span> 
     </span>
     <span class='ocr_line' id='line_1_13' title="bbox 71 1662 1166 1750; baseline -0.009 -12"><span class='ocrx_word' id='word_1_81' title='bbox 71 1678 135 1740; x_wconf 93' lang='lat' dir='ltr'>tae</span> <span class='ocrx_word' id='word_1_82' title='bbox 160 1669 308 1738; x_wconf 87' lang='lat' dir='ltr'>sensibus</span> <span class='ocrx_word' id='word_1_83' title='bbox 330 1671 505 1750; x_wconf 79' lang='lat' dir='ltr'>perceptae</span> <span class='ocrx_word' id='word_1_84' title='bbox 520 1664 596 1747; x_wconf 90' lang='lat' dir='ltr'>quid</span> <span class='ocrx_word' id='word_1_85' title='bbox 620 1662 683 1730; x_wconf 92' lang='lat' dir='ltr'>sibi</span> <span class='ocrx_word' id='word_1_86' title='bbox 704 1664 814 1746; x_wconf 86' lang='lat' dir='ltr'>velint,</span> <span class='ocrx_word' id='word_1_87' title='bbox 838 1664 1073 1746; x_wconf 88' lang='lat' dir='ltr'>interpretatur</span> <span class='ocrx_word' id='word_1_88' title='bbox 1088 1665 1166 1729; x_wconf 87' lang='lat' dir='ltr'>Pro·</span> 
     </span>
     <span class='ocr_line' id='line_1_14' title="bbox 73 1768 1166 1861; baseline -0.009 -17"><span class='ocrx_word' id='word_1_89' title='bbox 73 1777 223 1861; x_wconf 86' lang='lat' dir='ltr'>pertius,</span> <span class='ocrx_word' id='word_1_90' title='bbox 247 1774 376 1855; x_wconf 88' lang='lat' dir='ltr'>saepius</span> <span class='ocrx_word' id='word_1_91' title='bbox 399 1772 481 1837; x_wconf 88' lang='lat' dir='ltr'>miro</span> <span class='ocrx_word' id='word_1_92' title='bbox 505 1769 645 1852; x_wconf 90' lang='lat' dir='ltr'>quodam</span> <span class='ocrx_word' id='word_1_93' title='bbox 667 1768 762 1835; x_wconf 88' lang='lat' dir='ltr'>modo</span> <span class='ocrx_word' id='word_1_94' title='bbox 786 1770 948 1836; x_wconf 86' lang='lat' dir='ltr'>consentit</span> <span class='ocrx_word' id='word_1_95' title='bbox 970 1788 1043 1837; x_wconf 87' lang='lat' dir='ltr'>cum</span> <span class='ocrx_word' id='word_1_96' title='bbox 1065 1769 1166 1836; x_wconf 85' lang='lat' dir='ltr'>Grae-</span> 
     </span>
     <span class='ocr_line' id='line_1_15' title="bbox 74 1877 627 1951; baseline -0.024 0"><span class='ocrx_word' id='word_1_97' title='bbox 74 1883 126 1951; x_wconf 85' lang='lat' dir='ltr'>cis</span> <span class='ocrx_word' id='word_1_98' title='bbox 152 1877 348 1949; x_wconf 88' lang='lat' dir='ltr'>auctoribus.</span> <span class='ocrx_word' id='word_1_99' title='bbox 394 1877 443 1941; x_wconf 93' lang='lat' dir='ltr'>De</span> <span class='ocrx_word' id='word_1_100' title='bbox 466 1893 562 1940; x_wconf 88' lang='lat' dir='ltr'>versu</span> <span class='ocrx_word' id='word_1_101' title='bbox 588 1879 627 1938; x_wconf 86' lang='grc'>14</span> 
     </span>
     <span class='ocr_line' id='line_1_16' title="bbox 301 1975 960 2060; baseline -0.006 -12"><span class='ocrx_word' id='word_1_102' title='bbox 301 1980 359 2048; x_wconf 90' lang='lat' dir='ltr'>sed</span> <span class='ocrx_word' id='word_1_103' title='bbox 382 1984 471 2046; x_wconf 87' lang='lat' dir='ltr'>certe</span> <span class='ocrx_word' id='word_1_104' title='bbox 495 1995 617 2060; x_wconf 84' lang='lat' dir='ltr'>pennas</span> <span class='ocrx_word' id='word_1_105' title='bbox 641 1976 784 2058; x_wconf 86' lang='lat' dir='ltr'>perdidit</span> <span class='ocrx_word' id='word_1_106' title='bbox 806 1975 861 2043; x_wconf 91' lang='lat' dir='ltr'>ille</span> <span class='ocrx_word' id='word_1_107' title='bbox 883 1995 960 2044; x_wconf 87' lang='lat' dir='ltr'>suas</span> 
     </span>
     <span class='ocr_line' id='line_1_17' title="bbox 75 2082 1168 2174; baseline -0.012 -14"><span class='ocrx_word' id='word_1_108' title='bbox 75 2108 182 2174; x_wconf 86' lang='lat' dir='ltr'>supra</span> <span class='ocrx_word' id='word_1_109' title='bbox 204 2089 270 2154; x_wconf 94' lang='lat' dir='ltr'>iam</span> <span class='ocrx_word' id='word_1_110' title='bbox 292 2083 392 2152; x_wconf 86' lang='lat' dir='ltr'>verba</span> <span class='ocrx_word' id='word_1_111' title='bbox 415 2083 560 2149; x_wconf 82' lang='lat' dir='ltr'>fecimus.</span> <span class='ocrx_word' id='word_1_112' title='bbox 608 2082 748 2158; x_wconf 78' lang='lat' dir='ltr'>Questus</span> <span class='ocrx_word' id='word_1_113' title='bbox 771 2099 863 2164; x_wconf 89' lang='lat' dir='ltr'>vero,</span> <span class='ocrx_word' id='word_1_114' title='bbox 898 2083 983 2164; x_wconf 86' lang='lat' dir='ltr'>quod</span> <span class='ocrx_word' id='word_1_115' title='bbox 1006 2084 1105 2150; x_wconf 78' lang='lat' dir='ltr'>Amor</span> <span class='ocrx_word' id='word_1_116' title='bbox 1133 2084 1168 2147; x_wconf 94' lang='lat' dir='ltr'>in</span> 
     </span>
     <span class='ocr_line' id='line_1_18' title="bbox 76 2185 1169 2272; baseline -0.007 -10"><span class='ocrx_word' id='word_1_117' title='bbox 76 2195 181 2263; x_wconf 88' lang='lat' dir='ltr'>corde</span> <span class='ocrx_word' id='word_1_118' title='bbox 202 2191 381 2260; x_wconf 86' lang='lat' dir='ltr'>suovolans</span> <span class='ocrx_word' id='word_1_119' title='bbox 401 2189 476 2254; x_wconf 91' lang='lat' dir='ltr'>inde</span> <span class='ocrx_word' id='word_1_120' title='bbox 490 2205 651 2268; x_wconf 90' lang='lat' dir='ltr'>nunquam</span> <span class='ocrx_word' id='word_1_121' title='bbox 664 2185 847 2252; x_wconf 89' lang='lat' dir='ltr'>discederet</span> <span class='ocrx_word' id='word_1_122' title='bbox 859 2187 894 2269; x_wconf 88' lang='lat'>¹),</span> <span class='ocrx_word' id='word_1_123' title='bbox 919 2187 1013 2254; x_wconf 90' lang='lat' dir='ltr'>deum</span> <span class='ocrx_word' id='word_1_124' title='bbox 1027 2194 1109 2272; x_wconf 88' lang='lat' dir='ltr'>orat,</span> <span class='ocrx_word' id='word_1_125' title='bbox 1132 2195 1169 2254; x_wconf 89' lang='lat' dir='ltr'>ut</span> 
     </span>
     <span class='ocr_line' id='line_1_19' title="bbox 78 2289 1168 2376; baseline -0.011 -7"><span class='ocrx_word' id='word_1_126' title='bbox 78 2297 317 2369; x_wconf 87' lang='lat' dir='ltr'>desertotenui</span> <span class='ocrx_word' id='word_1_127' title='bbox 339 2298 458 2376; x_wconf 91' lang='lat' dir='ltr'>poetae</span> <span class='ocrx_word' id='word_1_128' title='bbox 471 2308 604 2373; x_wconf 87' lang='lat' dir='ltr'>corpore</span> <span class='ocrx_word' id='word_1_129' title='bbox 618 2289 698 2355; x_wconf 88' lang='lat' dir='ltr'>alios</span> <span class='ocrx_word' id='word_1_130' title='bbox 721 2289 865 2356; x_wconf 89' lang='lat' dir='ltr'>homines</span> <span class='ocrx_word' id='word_1_131' title='bbox 889 2296 980 2372; x_wconf 88' lang='lat' dir='ltr'>petet</span> <span class='ocrx_word' id='word_1_132' title='bbox 1003 2297 1085 2358; x_wconf 84' lang='grc' dir='ltr'>ν.-17</span> <span class='ocrx_word' id='word_1_133' title='bbox 1100 2311 1168 2374; x_wconf 86' lang='lat' dir='ltr'>sqq.</span> 
     </span>
     <span class='ocr_line' id='line_1_20' title="bbox 170 2393 1089 2486; baseline -0.009 -17"><span class='ocrx_word' id='word_1_134' title='bbox 170 2402 247 2486; x_wconf 90' lang='lat' dir='ltr'>quid</span> <span class='ocrx_word' id='word_1_135' title='bbox 269 2399 329 2467; x_wconf 91' lang='lat' dir='ltr'>tibi</span> <span class='ocrx_word' id='word_1_136' title='bbox 352 2397 524 2464; x_wconf 84' lang='lat' dir='ltr'>iocundum</span> <span class='ocrx_word' id='word_1_137' title='bbox 548 2400 598 2460; x_wconf 91' lang='lat' dir='ltr'>est</span> <span class='ocrx_word' id='word_1_138' title='bbox 622 2395 717 2460; x_wconf 85' lang='lat' dir='ltr'>siccis</span> <span class='ocrx_word' id='word_1_139' title='bbox 739 2393 889 2461; x_wconf 91' lang='lat' dir='ltr'>habitare</span> <span class='ocrx_word' id='word_1_140' title='bbox 912 2396 1089 2464; x_wconf 77' lang='lat' dir='ltr'>medullis?</span> 
     </span>
     <span class='ocr_line' id='line_1_21' title="bbox 214 2500 844 2589; baseline -0.01 -17"><span class='ocrx_word' id='word_1_141' title='bbox 214 2507 243 2573; x_wconf 91' lang='lat' dir='ltr'>si</span> <span class='ocrx_word' id='word_1_142' title='bbox 264 2504 368 2589; x_wconf 89' lang='lat' dir='ltr'>pudor</span> <span class='ocrx_word' id='word_1_143' title='bbox 391 2509 452 2586; x_wconf 91' lang='lat' dir='ltr'>est,</span> <span class='ocrx_word' id='word_1_144' title='bbox 476 2501 539 2569; x_wconf 90' lang='lat' dir='ltr'>alio</span> <span class='ocrx_word' id='word_1_145' title='bbox 560 2500 664 2567; x_wconf 83' lang='lat' dir='ltr'>traice</span> <span class='ocrx_word' id='word_1_146' title='bbox 686 2501 754 2566; x_wconf 88' lang='lat' dir='ltr'>tela</span> <span class='ocrx_word' id='word_1_147' title='bbox 778 2506 844 2566; x_wconf 91' lang='lat' dir='ltr'>tua.</span> 
     </span>
     <span class='ocr_line' id='line_1_22' title="bbox 167 2607 867 2687; baseline -0.01 -10"><span class='ocrx_word' id='word_1_148' title='bbox 167 2612 309 2678; x_wconf 91' lang='lat' dir='ltr'>intactos</span> <span class='ocrx_word' id='word_1_149' title='bbox 330 2609 394 2675; x_wconf 92' lang='lat' dir='ltr'>isto</span> <span class='ocrx_word' id='word_1_150' title='bbox 417 2607 520 2674; x_wconf 91' lang='lat' dir='ltr'>satius</span> <span class='ocrx_word' id='word_1_151' title='bbox 542 2611 706 2687; x_wconf 90' lang='lat' dir='ltr'>temptare</span> <span class='ocrx_word' id='word_1_152' title='bbox 728 2624 867 2672; x_wconf 89' lang='lat' dir='ltr'>veneno:</span> 
     </span>
     <span class='ocr_line' id='line_1_23' title="bbox 214 2707 972 2802; baseline -0.004 -20"><span class='ocrx_word' id='word_1_153' title='bbox 214 2735 277 2783; x_wconf 91' lang='lat' dir='ltr'>non</span> <span class='ocrx_word' id='word_1_154' title='bbox 300 2734 372 2802; x_wconf 83' lang='lat' dir='ltr'>ego,</span> <span class='ocrx_word' id='word_1_155' title='bbox 396 2713 455 2779; x_wconf 90' lang='lat' dir='ltr'>sed</span> <span class='ocrx_word' id='word_1_156' title='bbox 477 2711 584 2778; x_wconf 89' lang='lat' dir='ltr'>tenuis</span> <span class='ocrx_word' id='word_1_157' title='bbox 607 2710 739 2791; x_wconf 88' lang='lat' dir='ltr'>vapulat</span> <span class='ocrx_word' id='word_1_158' title='bbox 762 2707 877 2777; x_wconf 89' lang='lat' dir='ltr'>umbra</span> <span class='ocrx_word' id='word_1_159' title='bbox 898 2730 972 2779; x_wconf 89' lang='lat' dir='ltr'>mea</span> 
     </span>
     <span class='ocr_line' id='line_1_24' title="bbox 81 2817 651 2900; baseline -0.019 -11"><span class='ocrx_word' id='word_1_160' title='bbox 81 2822 124 2890; x_wconf 90' lang='lat' dir='ltr'>cf.</span> <span class='ocrx_word' id='word_1_161' title='bbox 150 2821 300 2886; x_wconf 89' lang='lat' dir='ltr'>Ovidium</span> <span class='ocrx_word' id='word_1_162' title='bbox 321 2838 383 2886; x_wconf 91' lang='lat' dir='ltr'>am.</span> <span class='ocrx_word' id='word_1_163' title='bbox 407 2817 440 2882; x_wconf 86' lang='lat' dir='ltr'>Il</span> <span class='ocrx_word' id='word_1_164' title='bbox 464 2823 493 2900; x_wconf 81' lang='lat'>9,</span> <span class='ocrx_word' id='word_1_165' title='bbox 521 2821 559 2882; x_wconf 88' lang='grc'>13</span> <span class='ocrx_word' id='word_1_166' title='bbox 582 2833 651 2897; x_wconf 89' lang='lat' dir='ltr'>sqq.</span> 
     </span>
     <span class='ocr_line' id='line_1_25' title="bbox 171 2919 972 3008; baseline -0.006 -16"><span class='ocrx_word' id='word_1_167' title='bbox 171 2925 248 3008; x_wconf 91' lang='lat' dir='ltr'>quid</span> <span class='ocrx_word' id='word_1_168' title='bbox 270 2925 359 2990; x_wconf 89' lang='lat' dir='ltr'>iuvat</span> <span class='ocrx_word' id='word_1_169' title='bbox 381 2924 414 2987; x_wconf 90' lang='lat' dir='ltr'>in</span> <span class='ocrx_word' id='word_1_170' title='bbox 437 2921 530 2988; x_wconf 91' lang='lat' dir='ltr'>nudis</span> <span class='ocrx_word' id='word_1_171' title='bbox 553 2921 686 2985; x_wconf 90' lang='lat' dir='ltr'>hamata</span> <span class='ocrx_word' id='word_1_172' title='bbox 707 2919 883 2986; x_wconf 91' lang='lat' dir='ltr'>retundere</span> <span class='ocrx_word' id='word_1_173' title='bbox 905 2922 972 2988; x_wconf 87' lang='lat' dir='ltr'>tela</span> 
     </span>
     <span class='ocr_line' id='line_1_26' title="bbox 215 3022 974 3104; baseline -0.007 -8"><span class='ocrx_word' id='word_1_174' title='bbox 215 3027 368 3096; x_wconf 84' lang='lat' dir='ltr'>ossibus?</span> <span class='ocrx_word' id='word_1_175' title='bbox 391 3045 466 3094; x_wconf 88' lang='lat' dir='ltr'>ossa</span> <span class='ocrx_word' id='word_1_176' title='bbox 488 3024 568 3090; x_wconf 92' lang='lat' dir='ltr'>mihi</span> <span class='ocrx_word' id='word_1_177' title='bbox 590 3022 676 3089; x_wconf 87' lang='lat' dir='ltr'>nuda</span> <span class='ocrx_word' id='word_1_178' title='bbox 698 3022 852 3104; x_wconf 90' lang='lat' dir='ltr'>relinquit</span> <span class='ocrx_word' id='word_1_179' title='bbox 875 3043 974 3092; x_wconf 86' lang='lat' dir='ltr'>amor.</span> 
     </span>
     <span class='ocr_line' id='line_1_27' title="bbox 171 3127 1102 3213; baseline -0.002 -13"><span class='ocrx_word' id='word_1_180' title='bbox 171 3139 221 3202; x_wconf 89' lang='lat' dir='ltr'>tot</span> <span class='ocrx_word' id='word_1_181' title='bbox 243 3135 312 3200; x_wconf 90' lang='lat' dir='ltr'>sine</span> <span class='ocrx_word' id='word_1_182' title='bbox 336 3151 445 3200; x_wconf 87' lang='lat' dir='ltr'>amore</span> <span class='ocrx_word' id='word_1_183' title='bbox 468 3130 538 3211; x_wconf 86' lang='lat' dir='ltr'>viri,</span> <span class='ocrx_word' id='word_1_184' title='bbox 562 3133 612 3194; x_wconf 88' lang='lat' dir='ltr'>tot</span> <span class='ocrx_word' id='word_1_185' title='bbox 635 3132 710 3193; x_wconf 91' lang='lat' dir='ltr'>sunt</span> <span class='ocrx_word' id='word_1_186' title='bbox 733 3127 803 3192; x_wconf 89' lang='lat' dir='ltr'>sine</span> <span class='ocrx_word' id='word_1_187' title='bbox 826 3147 935 3196; x_wconf 91' lang='lat' dir='ltr'>amore</span> <span class='ocrx_word' id='word_1_188' title='bbox 958 3132 1102 3213; x_wconf 91' lang='lat' dir='ltr'>puellae:</span> 
     </span>
     <span class='ocr_line' id='line_1_28' title="bbox 214 3231 1017 3318; baseline -0.001 -15"><span class='ocrx_word' id='word_1_189' title='bbox 214 3239 289 3304; x_wconf 91' lang='lat' dir='ltr'>hinc</span> <span class='ocrx_word' id='word_1_190' title='bbox 311 3237 372 3302; x_wconf 89' lang='lat' dir='ltr'>tibi</span> <span class='ocrx_word' id='word_1_191' title='bbox 395 3255 468 3303; x_wconf 91' lang='lat' dir='ltr'>cum</span> <span class='ocrx_word' id='word_1_192' title='bbox 489 3251 609 3317; x_wconf 85' lang='lat' dir='ltr'>magna</span> <span class='ocrx_word' id='word_1_193' title='bbox 629 3231 725 3297; x_wconf 90' lang='lat' dir='ltr'>laude</span> <span class='ocrx_word' id='word_1_194' title='bbox 748 3231 929 3315; x_wconf 85' lang='lat' dir='ltr'>triumphus</span> <span class='ocrx_word' id='word_1_195' title='bbox 953 3241 1017 3318; x_wconf 89' lang='lat' dir='ltr'>eat,</span> 
     </span>
     <span class='ocr_line' id='line_1_29' title="bbox 83 3335 1167 3430; baseline -0.004 -18"><span class='ocrx_word' id='word_1_196' title='bbox 83 3344 171 3430; x_wconf 92' lang='lat' dir='ltr'>quod</span> <span class='ocrx_word' id='word_1_197' title='bbox 194 3363 234 3410; x_wconf 87' lang='lat' dir='ltr'>ex</span> <span class='ocrx_word' id='word_1_198' title='bbox 256 3343 381 3408; x_wconf 88' lang='lat' dir='ltr'>Graeco</span> <span class='ocrx_word' id='word_1_199' title='bbox 405 3340 547 3406; x_wconf 89' lang='lat' dir='ltr'>carmine</span> <span class='ocrx_word' id='word_1_200' title='bbox 569 3335 699 3402; x_wconf 83' lang='lat' dir='ltr'>fluxisse</span> <span class='ocrx_word' id='word_1_201' title='bbox 723 3344 909 3417; x_wconf 88' lang='lat' dir='ltr'>comparato</span> <span class='ocrx_word' id='word_1_202' title='bbox 933 3340 1167 3427; x_wconf 83' lang='lat' dir='ltr'>epigrammate</span> 
     </span>
     <span class='ocr_line' id='line_1_30' title="bbox 83 3440 823 3520; baseline -0.015 -2"><span class='ocrx_word' id='word_1_203' title='bbox 83 3450 175 3520; x_wconf 92' lang='lat' dir='ltr'>anth.</span> <span class='ocrx_word' id='word_1_204' title='bbox 199 3450 266 3514; x_wconf 91' lang='lat' dir='ltr'>Pal.</span> <span class='ocrx_word' id='word_1_205' title='bbox 290 3447 319 3513; x_wconf 90' lang='lat' dir='ltr'>V</span> <span class='ocrx_word' id='word_1_206' title='bbox 343 3452 383 3511; x_wconf 82' lang='lat'>98</span> <span class='ocrx_word' id='word_1_207' title='bbox 407 3445 493 3511; x_wconf 89' lang='lat' dir='ltr'>haud</span> <span class='ocrx_word' id='word_1_208' title='bbox 516 3462 555 3509; x_wconf 83' lang='lat' dir='ltr'>ex</span> <span class='ocrx_word' id='word_1_209' title='bbox 577 3460 659 3507; x_wconf 87' lang='lat' dir='ltr'>vano</span> <span class='ocrx_word' id='word_1_210' title='bbox 682 3440 823 3507; x_wconf 90' lang='lat' dir='ltr'>conicias</span> 
     </span>
     <span class='ocr_line' id='line_1_31' title="bbox 176 3543 1039 3635; baseline -0.005 -19"><span class='ocrx_word' id='word_1_211' title='bbox 176 3553 306 3634; x_wconf 72' lang='grc' dir='ltr'>ὁπλίζειν,</span> <span class='ocrx_word' id='word_1_212' title='bbox 331 3549 438 3635; x_wconf 82' lang='grc' dir='ltr'>Κόπρι,</span> <span class='ocrx_word' id='word_1_213' title='bbox 460 3551 539 3628; x_wconf 74' lang='grc' dir='ltr'>τόξα,</span> <span class='ocrx_word' id='word_1_214' title='bbox 561 3543 611 3609; x_wconf 84' lang='grc' dir='ltr'>καὶ</span> <span class='ocrx_word' id='word_1_215' title='bbox 635 3545 676 3616; x_wconf 83' lang='grc' dir='ltr'>εἰς</span> <span class='ocrx_word' id='word_1_216' title='bbox 699 3546 807 3609; x_wconf 79' lang='grc' dir='ltr'>σκότον</span> <span class='ocrx_word' id='word_1_217' title='bbox 831 3549 944 3631; x_wconf 76' lang='grc' dir='ltr'>ἥσυχος</span> <span class='ocrx_word' id='word_1_218' title='bbox 967 3549 1039 3615; x_wconf 82' lang='grc' dir='ltr'>ἐλθὲ</span> 
     </span>
     <span class='ocr_line' id='line_1_32' title="bbox 218 3649 1001 3740; baseline -0.005 -19"><span class='ocrx_word' id='word_1_219' title='bbox 218 3656 326 3721; x_wconf 81' lang='grc' dir='ltr'>ἄλλον·</span> <span class='ocrx_word' id='word_1_220' title='bbox 349 3657 409 3739; x_wconf 73' lang='grc' dir='ltr'>ἐγὼ</span> <span class='ocrx_word' id='word_1_221' title='bbox 432 3652 488 3740; x_wconf 81' lang='grc' dir='ltr'>γὰρ</span> <span class='ocrx_word' id='word_1_222' title='bbox 511 3651 574 3739; x_wconf 78' lang='grc' dir='ltr'>ἔχον</span> <span class='ocrx_word' id='word_1_223' title='bbox 595 3649 763 3735; x_wconf 82' lang='grc' dir='ltr'>τραύματος</span> <span class='ocrx_word' id='word_1_224' title='bbox 786 3649 857 3714; x_wconf 79' lang='grc' dir='ltr'>οὐδὲ</span> <span class='ocrx_word' id='word_1_225' title='bbox 878 3655 966 3717; x_wconf 90' lang='grc' dir='ltr'>τόπον</span> <span class='ocrx_word' id='word_1_226' title='bbox 976 3654 1001 3739; x_wconf 74' lang='lat'>⁹)</span> 
     </span>
    </p>
   </div>
   <div class='ocr_carea' id='block_1_3' title="bbox 92 3789 300 3801">
    <p class='ocr_par' dir='ltr' id='par_1_3' title="bbox 92 3789 300 3801">
     <span class='ocr_line' id='line_1_33' title="bbox 92 3789 300 3801; baseline -0.019 -1"><span class='ocrx_word' id='word_1_227' title='bbox 92 3789 300 3801; x_wconf 73' lang='lat'><strong>———-—-</strong></span> 
     </span>
    </p>
   </div>
   <div class='ocr_carea' id='block_1_4' title="bbox 86 3841 1168 4453">
    <p class='ocr_par' dir='ltr' id='par_1_4' title="bbox 86 3841 1168 4274">
     <span class='ocr_line' id='line_1_34' title="bbox 161 3841 1168 3913; baseline 0.001 -16"><span class='ocrx_word' id='word_1_228' title='bbox 161 3845 189 3913; x_wconf 87' lang='lat'>1)</span> <span class='ocrx_word' id='word_1_229' title='bbox 207 3842 332 3898; x_wconf 81' lang='lat' dir='ltr'>conferas</span> <span class='ocrx_word' id='word_1_230' title='bbox 350 3841 433 3896; x_wconf 88' lang='lat' dir='ltr'>etiam</span> <span class='ocrx_word' id='word_1_231' title='bbox 452 3849 563 3909; x_wconf 88' lang='lat' dir='ltr'>praeter</span> <span class='ocrx_word' id='word_1_232' title='bbox 583 3841 657 3897; x_wconf 89' lang='lat' dir='ltr'>locos</span> <span class='ocrx_word' id='word_1_233' title='bbox 683 3857 710 3908; x_wconf 88' lang='lat' dir='ltr'>p.</span> <span class='ocrx_word' id='word_1_234' title='bbox 731 3844 764 3895; x_wconf 86' lang='lat'>18</span> <span class='ocrx_word' id='word_1_235' title='bbox 782 3841 883 3895; x_wconf 84' lang='lat' dir='ltr'>allatos</span> <span class='ocrx_word' id='word_1_236' title='bbox 901 3841 1122 3911; x_wconf 76' lang='lat' dir='ltr'>Theophrastum</span> <span class='ocrx_word' id='word_1_237' title='bbox 1140 3845 1168 3898; x_wconf 91' lang='lat' dir='ltr'>in</span> 
     </span>
     <span class='ocr_line' id='line_1_35' title="bbox 86 3927 1167 4004; baseline -0.003 -14"><span class='ocrx_word' id='word_1_238' title='bbox 86 3931 200 3990; x_wconf 79' lang='lat' dir='ltr'>Stobaei</span> <span class='ocrx_word' id='word_1_239' title='bbox 218 3929 353 4000; x_wconf 84' lang='lat' dir='ltr'>florilegio</span> <span class='ocrx_word' id='word_1_240' title='bbox 374 3930 463 3984; x_wconf 89' lang='lat' dir='ltr'>LXIV</span> <span class='ocrx_word' id='word_1_241' title='bbox 491 3934 524 3985; x_wconf 83' lang='lat'>27</span> <span class='ocrx_word' id='word_1_242' title='bbox 544 3927 648 4002; x_wconf 83' lang='grc' dir='ltr'>(Ἔρως)</span> <span class='ocrx_word' id='word_1_243' title='bbox 675 3936 778 4002; x_wconf 85' lang='grc' dir='ltr'>ταχεῖαν</span> <span class='ocrx_word' id='word_1_244' title='bbox 803 3931 847 3998; x_wconf 81' lang='grc' dir='ltr'>μὲν</span> <span class='ocrx_word' id='word_1_245' title='bbox 880 3929 948 4002; x_wconf 79' lang='grc' dir='ltr'>ἔχων</span> <span class='ocrx_word' id='word_1_246' title='bbox 972 3933 1019 4004; x_wconf 85' lang='grc' dir='ltr'>τὴν</span> <span class='ocrx_word' id='word_1_247' title='bbox 1037 3933 1167 4004; x_wconf 79' lang='grc' dir='ltr'>πρόσοδον,</span> 
     </span>
     <span class='ocr_line' id='line_1_36' title="bbox 88 4017 1166 4096; baseline 0.003 -21"><span class='ocrx_word' id='word_1_248' title='bbox 88 4021 203 4096; x_wconf 81' lang='grc' dir='ltr'>βραδεῖαν</span> <span class='ocrx_word' id='word_1_249' title='bbox 224 4021 315 4094; x_wconf 80' lang='grc' dir='ltr'>δὲτὴν</span> <span class='ocrx_word' id='word_1_250' title='bbox 337 4021 465 4082; x_wconf 82' lang='grc' dir='ltr'>ἀπόλυσιν,</span> <span class='ocrx_word' id='word_1_251' title='bbox 485 4019 625 4075; x_wconf 83' lang='lat' dir='ltr'>Plutarch.</span> <span class='ocrx_word' id='word_1_252' title='bbox 645 4019 678 4074; x_wconf 85' lang='lat' dir='ltr'>de</span> <span class='ocrx_word' id='word_1_253' title='bbox 690 4033 783 4074; x_wconf 80' lang='lat' dir='ltr'>amore</span> <span class='ocrx_word' id='word_1_254' title='bbox 802 4019 815 4071; x_wconf 83' lang='grc' dir='ltr'>ὁ</span> <span class='ocrx_word' id='word_1_255' title='bbox 834 4017 898 4091; x_wconf 74' lang='grc' dir='ltr'>όρως</span> <span class='ocrx_word' id='word_1_256' title='bbox 918 4061 924 4074; x_wconf 89' lang='grc'><strong>.</strong></span> <span class='ocrx_word' id='word_1_257' title='bbox 945 4062 950 4074; x_wconf 93' lang='grc'>.</span> <span class='ocrx_word' id='word_1_258' title='bbox 971 4061 978 4076; x_wconf 88' lang='grc'><strong>.</strong></span> <span class='ocrx_word' id='word_1_259' title='bbox 997 4021 1026 4075; x_wconf 78' lang='grc' dir='ltr'>οὺ</span> <span class='ocrx_word' id='word_1_260' title='bbox 1044 4025 1166 4096; x_wconf 70' lang='grc' dir='ltr'>παρέρχε-</span> 
     </span>
     <span class='ocr_line' id='line_1_37' title="bbox 86 4108 1166 4185; baseline 0 -19"><span class='ocrx_word' id='word_1_261' title='bbox 86 4130 128 4166; x_wconf 82' lang='grc' dir='ltr'>ται</span> <span class='ocrx_word' id='word_1_262' title='bbox 151 4111 251 4182; x_wconf 84' lang='grc' dir='ltr'>ταχέως</span> <span class='ocrx_word' id='word_1_263' title='bbox 275 4111 364 4182; x_wconf 76' lang='grc' dir='ltr'>καίπερ</span> <span class='ocrx_word' id='word_1_264' title='bbox 392 4111 453 4164; x_wconf 79' lang='grc' dir='ltr'>εἶναι</span> <span class='ocrx_word' id='word_1_265' title='bbox 476 4110 571 4181; x_wconf 81' lang='grc' dir='ltr'>πτηνὸς</span> <span class='ocrx_word' id='word_1_266' title='bbox 596 4109 754 4180; x_wconf 76' lang='grc' dir='ltr'>λεγόμενος.</span> <span class='ocrx_word' id='word_1_267' title='bbox 775 4149 781 4164; x_wconf 92' lang='grc'><strong>.</strong></span> <span class='ocrx_word' id='word_1_268' title='bbox 802 4149 808 4163; x_wconf 92' lang='grc'><em>.</em></span> <span class='ocrx_word' id='word_1_269' title='bbox 828 4108 883 4163; x_wconf 78' lang='grc' dir='ltr'><strong>ἀλλ’</strong></span> <span class='ocrx_word' id='word_1_270' title='bbox 909 4110 1037 4181; x_wconf 74' lang='grc' dir='ltr'>ἁψόμενος</span> <span class='ocrx_word' id='word_1_271' title='bbox 1055 4117 1100 4184; x_wconf 80' lang='grc' dir='ltr'>τῆς</span> <span class='ocrx_word' id='word_1_272' title='bbox 1119 4113 1166 4185; x_wconf 76' lang='grc' dir='ltr'>ψυ-</span> 
     </span>
     <span class='ocr_line' id='line_1_38' title="bbox 88 4197 825 4274; baseline -0.001 -21"><span class='ocrx_word' id='word_1_273' title='bbox 88 4207 138 4274; x_wconf 79' lang='grc' dir='ltr'>χῆς</span> <span class='ocrx_word' id='word_1_274' title='bbox 156 4201 291 4272; x_wconf 83' lang='grc' dir='ltr'>παραμένει</span> <span class='ocrx_word' id='word_1_275' title='bbox 308 4201 384 4254; x_wconf 75' lang='grc' dir='ltr'>πολὺν</span> <span class='ocrx_word' id='word_1_276' title='bbox 403 4201 503 4272; x_wconf 86' lang='grc' dir='ltr'>χρόνον,</span> <span class='ocrx_word' id='word_1_277' title='bbox 522 4198 597 4254; x_wconf 88' lang='lat' dir='ltr'>Ovid.</span> <span class='ocrx_word' id='word_1_278' title='bbox 617 4206 669 4254; x_wconf 76' lang='lat' dir='ltr'>ert.</span> <span class='ocrx_word' id='word_1_279' title='bbox 688 4199 771 4254; x_wconf 82' lang='lat'>1234</span> <span class='ocrx_word' id='word_1_280' title='bbox 789 4197 825 4253; x_wconf 75' lang='lat' dir='ltr'>al.</span> 
     </span>
    </p>

    <p class='ocr_par' dir='ltr' id='par_1_5' title="bbox 88 4287 1166 4453">
     <span class='ocr_line' id='line_1_39' title="bbox 160 4287 1166 4360; baseline 0.003 -16"><span class='ocrx_word' id='word_1_281' title='bbox 160 4289 188 4356; x_wconf 84' lang='lat'>2)</span> <span class='ocrx_word' id='word_1_282' title='bbox 207 4295 366 4358; x_wconf 89' lang='lat' dir='ltr'>corruptum</span> <span class='ocrx_word' id='word_1_283' title='bbox 391 4296 433 4344; x_wconf 91' lang='lat' dir='ltr'>est</span> <span class='ocrx_word' id='word_1_284' title='bbox 460 4288 562 4360; x_wconf 71' lang='grc' dir='ltr'>ἥσυχος.</span> <span class='ocrx_word' id='word_1_285' title='bbox 600 4287 634 4344; x_wconf 87' lang='lat' dir='ltr'>cf.</span> <span class='ocrx_word' id='word_1_286' title='bbox 663 4289 745 4344; x_wconf 81' lang='lat' dir='ltr'>etiem</span> <span class='ocrx_word' id='word_1_287' title='bbox 764 4287 933 4356; x_wconf 82' lang='lat' dir='ltr'>Meleagrum</span> <span class='ocrx_word' id='word_1_288' title='bbox 960 4291 1035 4347; x_wconf 82' lang='lat' dir='ltr'>anth.</span> <span class='ocrx_word' id='word_1_289' title='bbox 1064 4291 1166 4347; x_wconf 88' lang='lat' dir='ltr'>Pal.V</span> 
     </span>
     <span class='ocr_line' id='line_1_40' title="bbox 88 4379 472 4453; baseline -0.01 -17"><span class='ocrx_word' id='word_1_290' title='bbox 88 4383 139 4436; x_wconf 82' lang='lat'>215</span> <span class='ocrx_word' id='word_1_291' title='bbox 159 4382 202 4453; x_wconf 86' lang='lat'>(=</span> <span class='ocrx_word' id='word_1_292' title='bbox 224 4381 277 4434; x_wconf 89' lang='lat' dir='ltr'>XII</span> <span class='ocrx_word' id='word_1_293' title='bbox 298 4383 330 4434; x_wconf 89' lang='grc'>19</span> <span class='ocrx_word' id='word_1_294' title='bbox 349 4379 378 4448; x_wconf 88' lang='lat' dir='ltr'>b)</span> <span class='ocrx_word' id='word_1_295' title='bbox 398 4383 413 4435; x_wconf 87' lang='grc'>3</span> <span class='ocrx_word' id='word_1_296' title='bbox 433 4395 472 4448; x_wconf 81' lang='lat' dir='ltr'>sq.</span> 
     </span>
    </p>
   </div>
   <div class='ocr_carea' id='block_1_5' title="bbox 891 4479 913 4542">
    <p class='ocr_par' dir='ltr' id='par_1_6' title="bbox 891 4479 913 4542">
     <span class='ocr_line' id='line_1_41' title="bbox 891 4479 913 4542; baseline 0 0"><span class='ocrx_word' id='word_1_297' title='bbox 891 4479 913 4542; x_wconf 78' lang='lat'>4</span> 
     </span>
    </p>
   </div>
   <div class='ocr_carea' id='block_1_6' title="bbox 0 0 1436 4808">
    <p class='ocr_par' dir='ltr' id='par_1_7' title="bbox 0 0 1436 4808">
     <span class='ocr_line' id='line_1_42' title="bbox 0 0 1436 4808; baseline 0 0"><span class='ocrx_word' id='word_1_298' title='bbox 0 0 1436 4808; x_wconf 95' lang='lat' dir='ltr'> </span> 
     </span>
    </p>
   </div>
  </div>
 </body>
</html>
