2806 4808
616 347 651 406 31

91 539 158 604 que
181 526 295 602 poetae
318 517 457 584 Homero
480 514 598 582 debere
620 514 769 580 videntur
783 513 817 596 ¹).
870 515 917 580 De
946 515 1050 582 ultera
1072 515 1176 584 minus

82 631 224 693 constat.
270 625 390 689 Poetae
414 622 497 687 enim
519 621 628 686 Latini
651 626 748 701 atque
770 619 974 702 anthologiae
993 621 1169 700 Palatinae,

84 731 144 813 qui
167 748 263 812 saepe
286 734 343 795 aut
364 745 456 794 rosas
479 731 536 793 aut
558 726 664 791 varios
694 723 790 790 flores
819 731 856 790 ut
884 725 1038 808 imagines
1071 724 1171 792 imbe-

86 836 237 902 cillitatis
259 835 381 900 formae
402 834 561 900 humanae
582 830 795 914 usurpant2),
823 849 885 895 non
908 850 1064 914 nusquam
1086 851 1174 899 ama·

85 948 143 1008 tas
164 959 320 1023 personas
342 961 361 1006 a
383 940 479 1005 nimio
502 938 590 1005 fastu
614 938 778 1004 deterrere
808 941 963 1004 conantur
985 935 1116 1003 floribus
1138 943 1175 1004 ut

87 1047 245 1129 exemplis
267 1046 421 1112 vanitatis
443 1047 510 1126 usi,
534 1045 604 1112 fore
627 1046 834 1124 minitanter,
857 1049 894 1110 ut
915 1044 1080 1110 iuventute
1102 1063 1175 1126 per-

87 1158 166 1219 acta
187 1152 275 1218 solae
298 1151 577 1232 relinquerentur:

176 1253 279 1321 Rutu.
304 1255 391 1321 anth.
415 1256 482 1321 Pal.
507 1255 536 1317 V
561 1262 601 1321 74
625 1254 667 1321 lin

178 1365 271 1423 ταῦτα
295 1361 464 1446 στεψαμένη
489 1363 576 1445 triplos
601 1359 792 1447 μεγάλαυχος
816 1363 907 1427 ἐοῦσα

223 1467 322 1538 ἀνθεῖς
344 1463 394 1528 καὶ
416 1466 518 1550 λήγεις
540 1463 590 1529 καὶ
614 1467 648 1529 σὺ
670 1465 720 1530 καὶ
744 1469 759 1530 ὁ
784 1468 928 1554 στέφανος
939 1465 964 1550 ³)

90 1570 133 1638 ci.
158 1571 245 1637 anth.
269 1573 341 1637 Lat.
365 1576 427 1636 646
452 1573 489 1636 R.

181 1677 246 1742 vidi
269 1679 429 1744 Paestano
450 1680 592 1763 gaudere
614 1682 740 1747 rosaria
763 1683 851 1748 cultu

224 1783 387 1848 exoriente
409 1803 490 1850 novo
512 1785 640 1851 roscida
661 1785 818 1852 Lucifero.

181 1907 257 1955 rara
278 1888 440 1970 pruinosis
462 1889 600 1957 canebat
619 1911 743 1974 gemma
765 1893 914 1960 frutectis

224 1994 265 2059 ad
288 1994 382 2075 primi
403 1994 512 2062 radios
534 1997 705 2063 interitura
728 1997 789 2063 die.

95 2106 130 2167 et
152 2119 264 2166 versus
288 2104 448 2166 extremos

184 2205 308 2288 collige,
331 2206 431 2289 virgo,
453 2225 555 2285 rosas,
580 2207 654 2272 dum
674 2206 733 2274 flos
755 2227 855 2276 novus
877 2213 911 2274 et
933 2226 1015 2274 nova
1036 2208 1146 2292 pubes

228 2315 261 2375 et
284 2327 406 2376 memor
429 2315 508 2391 esto,
533 2331 646 2378 aevum
669 2313 715 2378 sic
737 2332 911 2395 properare
934 2319 1033 2380 tuum.

97 2415 191 2494 Quod
212 2421 349 2497 apparet
370 2435 554 2497 expressum
578 2437 650 2484 esse
669 2437 707 2484 ex
724 2420 902 2502 Propertio,
925 2421 979 2503 qui
994 2421 1023 2483 V
1040 2426 1177 2502 5,59sq.
1264 2437 1296 2499 p·
1317 2426 1325 2511 ζ

95 2524 203 2589 lenam
225 2523 407 2604 loquentem
430 2521 509 2588 facit

186 2629 250 2695 vidi
273 2648 331 2712 ego
355 2629 481 2695 odorati
503 2630 627 2697 victura
649 2630 774 2697 rosario
795 2629 905 2695 Paesti

228 2735 286 2803 sub
309 2737 466 2804 matutino
490 2739 581 2800 cocta
603 2735 709 2802 iacere
731 2739 807 2800 noto

98 2843 138 2911 cf.
163 2841 249 2908 anth.
273 2843 344 2907 Lat.
370 2846 411 2906 24
434 2843 470 2906 R.
515 2840 668 2906 Fortasse
700 2840 783 2905 hanc
816 2839 1009 2905 sententiam
1041 2838 1177 2905 Alexan·

102 2996 290 3005 ——-————--
301 2997 309 3001 -

173 3092 200 3162 1)
219 3092 253 3146 cf.
273 3092 364 3160 Quint.
386 3093 489 3163 Smyro.
509 3093 608 3162 13453
627 3091 691 3145 XIV
712 3094 780 3160 2073
798 3089 886 3145 Noun.
896 3090 977 3145 Dion.
996 3092 1036 3145 III
1057 3095 1178 3162 249sqq.

98 3182 145 3254 (cf.
165 3182 286 3237 Kochler
305 3181 348 3236 die
366 3181 537 3251 Dionysiaka
556 3181 603 3236 des
622 3181 735 3236 Nonuus
755 3198 782 3248 p.
792 3179 836 3250 6);
856 3179 995 3235 claudian.
1011 3188 1083 3250 rapt.
1102 3181 1179 3238 Pron.

96 3273 213 3342 113033
240 3271 322 3340 Verg.
342 3273 409 3326 Aen.
429 3271 469 3324 IX
487 3274 539 3326 433
558 3277 586 3325 et
604 3271 643 3324 XI
662 3273 696 3325 66
716 3286 790 3340 sqq.;
819 3268 972 3325 Brambach
991 3270 1072 3326 inser.
1091 3271 1179 3327 Rhen.

99 3364 169 3416 1053
191 3360 283 3430 ,queri
303 3376 412 3416 necesse
431 3365 472 3416 est
491 3359 524 3414 de
542 3359 664 3429 puellula
682 3359 755 3414 dulci
774 3401 803 3414 ..
824 3401 830 3414 .
849 3375 914 3415 rosa
933 3360 1013 3414 simul
1031 3359 1133 3416 florivit
1151 3366 1179 3416 et

98 3451 193 3506 statim
211 3451 327 3521 periit“;
350 3451 383 3506 de
401 3451 516 3520 scrrlptis
534 3451 562 3505 iu
581 3451 715 3519 sepulcris
733 3449 847 3506 floribus
865 3449 925 3504 vide
943 3450 1093 3505 Buecheler
1111 3466 1178 3506 mus.

97 3544 186 3598 Rhen.
207 3544 276 3596 rara
294 3558 320 3610 p.
342 3544 399 3595 143.

171 3633 200 3700 2)
220 3632 294 3686 auth.
314 3630 373 3684 Pal.
393 3631 432 3683 XI
458 3633 505 3701 363
534 3629 573 3683 XI
597 3632 665 3700 3743
699 3630 753 3683 XII
777 3632 844 3699 2343
869 3628 1124 3699 Achill.Tat.18,
1145 3634 1179 3701 93

101 3723 242 3777 Constant.
262 3721 391 3774 Manasse
408 3720 447 3773 IV
475 3722 509 3774 75
528 3719 574 3790 (cl.
593 3720 761 3775 Boissonade
780 3719 815 3774 ad
833 3719 904 3773 hunc
922 3721 1011 3775 locum
1029 3720 1042 3773 I
1060 3737 1086 3789 p.
1100 3721 1181 3792 421);

100 3811 233 3866 Philostr.
253 3810 332 3878 epist.
352 3813 393 3863 17.
429 3809 471 3864 De
495 3809 641 3878 proverbio
670 3808 743 3880 ῥυδὸν
762 3807 895 3881 παρελθὼν
914 3812 1004 3882 μηκέτι
1022 3811 1090 3883 ζήτει
1107 3811 1180 3864 πάλιν

100 3901 162 3955 vide
180 3900 300 3954 Leutsch
318 3915 437 3967 paroem.
456 3899 483 3952 Π
501 3914 527 3967 p.
538 3902 581 3953 86.
618 3899 689 3953 Hinc
707 3899 845 3954 fluxerunt
863 3900 938 3955 auth.
958 3901 1016 3956 Pel.
1035 3901 1060 3955 V
1079 3904 1113 3956 28
1134 3901 1180 3958 fin.

99 3997 128 4046 et
153 3989 193 4042 XI
219 3989 267 4060 533
294 3987 328 4042 cf.
349 3987 425 4042 ovid.
445 3994 497 4042 art.
515 3989 543 4042 11
562 3989 613 4043 115
632 4003 690 4056 sqq.
719 3996 746 4043 et
773 3990 813 4042 III
837 3992 871 4044 67
890 4007 929 4058 sq.
975 3991 1098 4060 Denique
1126 3991 1181 4056 huc

99 4080 239 4149 pertinent
269 4078 433 4147 Calpurnius
457 4079 497 4132 XI
525 4080 559 4132 22
579 4094 654 4149 sqq.;
689 4079 814 4132 Tibullus
837 4079 850 4132 I
874 4081 898 4146 4,
923 4081 958 4134 29
976 4095 1016 4148 sq.
1044 4080 1116 4150 (vide
1142 4082 1181 4139 ibi

98 4171 198 4225 Dissen
217 4186 244 4238 p.
264 4171 298 4224 94
317 4168 369 4238 sq.)
380 4188 387 4239 ;
412 4168 445 4222 of.
465 4168 602 4224 Aristaeo.
621 4183 663 4236 ep.
682 4169 710 4222 ΙΙ
729 4172 743 4222 1
760 4183 787 4237 p.
808 4171 859 4224 130
876 4169 907 4223 Β.

170 4261 198 4329 3)
218 4259 251 4314 cf.
270 4259 357 4316 Marc.
382 4261 495 4328 Argent.
523 4259 597 4314 anth.
624 4259 682 4315 Pal.
709 4260 735 4313 V
755 4261 820 4331 1183
855 4259 983 4316 Meiueke
1010 4262 1081 4318 anal.
1101 4261 1178 4317 Alex.

97 4369 123 4424 p.
143 4355 202 4407 397.
