2806 4808
738 375 755 433 2

204 542 381 606 sententias
405 531 556 624 singulas
570 549 625 620 aut
648 548 787 607 totorum
811 542 984 606 carminum
1000 545 1189 623 argumenta
1207 541 1293 606 unde

205 646 379 726 sumpserit
392 653 497 728 poeta,
519 647 727 725 demonstret,
750 646 854 712 adhuc
870 645 1090 711 desideramus
1101 645 1135 730 ¹).
1170 646 1239 723 Qua
1256 646 1289 710 iu

205 748 393 816 difficillima
416 753 623 832 quaestione,
648 752 798 832 quoniam
820 770 949 830 eorum,
982 770 1061 832 quos
1084 756 1159 816 ante
1183 751 1293 816 oculos

205 853 305 919 fuisse
324 856 493 936 Propertio
514 861 662 922 auctores
681 855 838 936 exipsius
858 855 1046 920 certissimis
1061 855 1256 922 testimoniis
1267 853 1292 936 2)

208 965 344 1038 constat,
370 962 511 1026 carmina
532 967 728 1027 uetustatem
749 960 954 1042 pertulerunt
967 979 1069 1042 paene
1083 962 1181 1041 nulla,
1205 966 1293 1026 certe

206 1083 368 1144 perpauca
396 1066 463 1129 veri
491 1065 672 1130 inveniendi
700 1065 840 1131 fortasse
869 1065 971 1130 omnis
1001 1065 1179 1130 omittenda
1209 1069 1296 1130 esset

208 1186 293 1248 spes,
317 1169 350 1232 ni
366 1169 559 1250 comparatis
574 1170 679 1250 poetis
691 1169 815 1235 Latinis
832 1188 902 1234 cum
919 1171 966 1234 eis
984 1167 1139 1248 omnibus,
1162 1188 1241 1251 quos
1258 1189 1296 1234 ex

209 1272 433 1339 Alexandrinis
451 1275 554 1354 poetis
573 1274 753 1355 dependere
770 1275 933 1352 sciremus,
958 1273 1143 1339 circuitione
1159 1274 1297 1354 quadam

210 1377 251 1440 ad
274 1377 347 1442 illos
371 1384 520 1443 auctores
539 1379 769 1459 Propertianos
792 1378 966 1443 ascendere
996 1397 1173 1459 possemus.
1226 1379 1297 1444 Non

209 1465 292 1545 enim
315 1482 545 1564 neglegendum
570 1489 634 1563 est,
659 1489 812 1565 quantum
835 1482 1039 1548 emolumenti
1063 1482 1178 1549 afferat
1200 1503 1296 1566 quae-

211 1584 307 1649 stioni
328 1592 468 1665 nostrae,
492 1588 577 1667 quod
600 1587 805 1668 anthologiae
821 1587 987 1652 Palatinae
1004 1591 1118 1668 poetas
1141 1587 1295 1668 plurimos

211 1689 351 1770 itemque
366 1690 513 1756 Nonnum
532 1693 663 1773 eiusque
685 1692 836 1770 scholam,
860 1697 1031 1772 praeterea
1047 1691 1297 1766 Aristaenetum,

132 1871 135 1880 .
212 1794 462 1874 Philostratum,
487 1797 645 1874 eroticoS,
669 1795 723 1877 qui
746 1795 911 1874 dicuntur,
935 1795 1129 1876 scriptores,
1154 1795 1235 1860 alios
1259 1816 1297 1860 en

212 1898 324 1963 eodem
339 1919 435 1980 saepe
451 1899 539 1964 fonte
550 1899 575 1982 3)
591 1901 748 1978 hausisse,
766 1919 783 1964 e
799 1919 860 1980 quo
877 1905 991 1980 poetas
1006 1900 1150 1979 Latinos,
1176 1905 1299 1965 certum

212 2008 272 2081 est,
304 2009 474 2085 postquam
498 2003 538 2069 ab
562 2003 723 2082 Jacobsi0,
747 2003 909 2086 Diltheyo,
934 2003 1139 2084 Schneider0,
1163 2005 1298 2085 Rohdio,

211 2108 283 2172 aliis
305 2108 425 2173 Paulus
441 2108 655 2187 silentiarius,
679 2108 846 2189 Agathias,
869 2108 989 2186 Strato,
1013 2109 1155 2188 Nonnus,
1180 2109 1296 2173 ceteri-

210 2231 272 2292 que
296 2212 471 2292 scriptores
494 2214 617 2278 strenui
639 2212 926 2278 Alexandrinorum
956 2218 1123 2294 poetarum
1154 2213 1296 2278 imitato-

210 2336 264 2382 res
287 2317 436 2397 deprensi
459 2323 533 2382 sunt
542 2317 578 2399 4).
625 2317 706 2394 Quin
730 2318 827 2382 etiam
858 2336 953 2383 voees
976 2317 1210 2383 Callimacheas
1240 2318 1297 2383 ad-

210 2419 338 2486 modum
360 2422 478 2486 multas
501 2422 636 2486 inveniri
664 2422 749 2502 apud
771 2421 966 2504 Byzantinos
996 2423 1085 2501 illos,
1118 2422 1296 2488 docuerunt

212 2524 355 2590 Naehius
378 2545 485 2606 opusc.
509 2527 525 2590 l
547 2547 577 2608 p.
593 2531 655 2591 224
669 2546 755 2609 sqq,
778 2527 948 2609 Diltheyus
962 2527 1045 2616 anal.
1060 2526 1139 2592 Call.
1154 2547 1185 2608 p.
1200 2531 1240 2592 32
1265 2533 1299 2592 et

214 2635 272 2708 333
297 2629 374 2710 Cyd.
398 2649 428 2712 p.
449 2635 506 2695 29:
539 2651 569 2711 p.
588 2636 628 2696 85
652 2637 735 2710 n.2;
759 2651 788 2711 p.
808 2631 866 2696 101
885 2649 954 2713 sq.;
988 2631 1199 2698 Schneiderus
1224 2631 1298 2696 Cal-

212 2734 278 2798 lim.
301 2733 333 2798 ΙΙ
354 2754 383 2815 p.
407 2739 480 2800 445.

223 2894 427 2901 mun...-

289 2982 316 3052 1)
335 2983 491 3051 uuperrime
511 2984 544 3038 de
563 2985 627 3038 libri
645 2985 734 3054 quinti
753 2987 917 3042 carminibus
940 2988 980 3042 ita
1006 2989 1135 3046 disseruit
1153 2991 1297 3060 Kirchner‚

215 3071 247 3126 de
266 3073 405 3140 Propertii
424 3073 495 3128 libro
515 3075 608 3141 quinto
628 3075 761 3144 (Wismar
783 3076 862 3145 1882)
881 3077 909 3130 in
929 3079 1019 3146 capite
1038 3086 1124 3134 sexto.

287 3163 314 3230 2)
335 3177 403 3229 quae
429 3171 588 3217 enumerant
612 3163 760 3218 Teuffelius
778 3165 872 3219 Roem.
904 3166 958 3220 Lit.
977 3169 1037 3221 246.
1056 3171 1087 3236 4;
1116 3168 1298 3226 Schneiderus

217 3251 400 3305 Callimachea
418 3252 445 3304 II
463 3269 490 3320 p.
510 3255 541 3305 41
564 3270 619 3322 sq.;
644 3252 677 3307 cf.
696 3253 905 3323 Hertzbergium
924 3263 1028 3324 quaest.
1046 3257 1128 3325 Prop.
1148 3258 1175 3310 II
1193 3274 1215 3312 c.
1236 3263 1274 3314 7.

287 3340 315 3410 3)
333 3340 413 3394 venia
430 3341 476 3394 hic
494 3341 560 3394 mihi
577 3341 695 3410 petenda
713 3349 755 3397 est
771 3357 862 3398 vocem
880 3343 963 3398 fontis
981 3345 1043 3413 plus
1063 3345 1145 3400 semel
1163 3346 1192 3400 in
1207 3346 1298 3415 dispu-

115 3439 117 3446 ’
212 3429 317 3482 tatione
336 3444 396 3482 mea
415 3428 575 3484 insolentius
595 3432 746 3498 usurpanti.
784 3433 849 3486 (lum
869 3434 939 3488 enim
957 3443 1066 3503 poetam
1080 3436 1212 3504 quendam
1232 3437 1298 3492 alte·

214 3517 271 3571 rius
290 3518 434 3585 scriptoris
454 3520 616 3574 sententiam
635 3527 683 3574 aut
702 3520 737 3574 ad
756 3522 866 3576 verbnm
885 3522 1103 3589 reddidisseaut
1125 3527 1298 3581 commutatis

216 3605 305 3660 verbis
331 3607 467 3660 imitatum
493 3623 553 3662 esse
580 3608 872 3680 demonstraverimus,
901 3629 961 3668 eum
989 3629 1022 3668 ex
1050 3615 1102 3669 hoc
1129 3614 1205 3669 fonte
1231 3616 1298 3671 hau·

214 3695 283 3750 sisse
301 3695 533 3763 breviloquentiae
552 3713 635 3752 cause
658 3699 785 3754 dicemus.

286 3784 314 3853 4)
334 3784 366 3838 de
385 3785 472 3840 Paulo
491 3785 649 3841 silentiario
678 3786 711 3841 cf.
731 3787 832 3844 Jacobs
852 3790 887 3844 ad
906 3791 981 3846 anth.
1000 3791 1058 3846 Pal.
1078 3793 1102 3847 V
1121 3797 1173 3848 279
1193 3794 1236 3863 al;
1264 3794 1298 3850 de

214 3873 335 3940 Agathia
363 3873 475 3943 Dilthey
500 3874 564 3944 Cyd.
592 3892 618 3943 p.
641 3879 706 3944 101;
738 3877 886 3934 Schneider
917 3880 1017 3935 Calli
1042 3898 1068 3950 p.
1089 3885 1153 3950 190,
1185 3899 1211 3952 p.
1229 3885 1298 3953 3913
1385 3914 1386 3925 .

217 3978 244 4029 p.
258 3963 325 4030 4173
344 3963 371 4014 II
389 3979 415 4030 p.
427 3965 494 4032 6583
514 3963 547 4018 de
566 3963 694 4019 Stratone
707 3966 819 4037 Dilthey
838 3969 909 4022 anal.
923 3970 990 4024 Call.
1002 3988 1027 4040 p.
1037 3974 1068 4040 63
1088 3971 1151 4042 Cyd.
1163 3989 1188 4041 p.
1198 3977 1230 4027 31
1243 3989 1299 4042 sq.;

216 4048 271 4103 ind.
283 4050 346 4104 lect.
359 4049 480 4120 Gotting.
499 4052 560 4122 Pl„
579 4057 657 4123 p.13;
677 4053 710 4108 de
729 4056 828 4111 Nonne
847 4057 960 4128 Dilthey
979 4059 1043 4130 Cyd.
1063 4077 1089 4128 p.
1105 4064 1170 4131 1023
1189 4062 1299 4116 Schnei-

216 4138 264 4192 der
282 4139 296 4192 Ι
313 4155 339 4206 p.
361 4142 424 4210 1903
443 4141 539 4195 Rohde
558 4142 635 4196 Rom.
655 4159 680 4211 p.
701 4147 734 4198 36
753 4161 778 4198 n.
799 4147 830 4215 53
851 4162 877 4214 p.
897 4150 976 4202 9411.
998 4152 1010 4201 1
1031 4149 1081 4218 al;
1100 4150 1235 4206 Koehler:
1255 4150 1298 4205 die

215 4227 385 4297 Dionysiaka
403 4229 450 4284 des
464 4229 577 4284 Nonnus
597 4247 623 4298 p.
637 4235 686 4300 12;
706 4248 732 4300 p.
741 4235 775 4287 26
789 4234 824 4287 al.
862 4235 901 4289 Ol.
920 4237 1001 4291 etiam
1014 4238 1177 4310 Bernhardy
1189 4239 1297 4296 Gricch.

215 4315 269 4368 Lit.
290 4316 317 4368 Il
346 4320 358 4369 1
380 4334 405 4384 p.
427 4321 478 4372 389
498 4334 554 4387 sqq.
575 4325 601 4373 et
620 4319 720 4389 Helbig
738 4321 983 4394 Untersnchungen
1001 4343 1027 4394 p.
1046 4329 1113 4396 2673
1142 4345 1169 4396 p.
1188 4332 1237 4382 301
1260 4331 1295 4384 al.
