2806 4808
738 333 779 403 5⁰
1376 366 1384 491 ι

217 512 341 579 Deinde
371 531 467 579 sensu
508 531 620 578 carere
652 516 817 593 amantes,
839 499 935 576 vsIcut
966 509 1154 592 Propertius
1187 502 1229 592 (n.
1261 509 1308 592 3),
1380 499 1385 625 γ

218 618 335 684 Graeci
358 637 482 701 quoque
505 615 701 685 dictitabant
712 616 747 701 ¹).
793 617 939 697 Denique
963 635 1034 681 cum
1050 614 1211 696 Propertii
1237 615 1308 680 ele·
1384 689 1385 693 ς

217 722 292 807 giae
314 721 376 788 fine
400 723 635 805 comparandus
658 727 708 787 est
727 720 936 803 Asclepiades
959 720 1047 785 anth.
1074 721 1142 785 Pal.
1159 721 1221 786 XII
1248 725 1306 785 46.
1384 732 1385 756 ι

218 826 307 904 Quae
330 846 402 892 cum
425 828 475 892 ita
498 846 533 893 se
556 826 710 909 habeant,
733 824 876 891 notabile
900 830 967 908 est,
992 825 1077 906 quod
1100 844 1211 891 versus
1235 827 1307 890 An-

216 937 370 1017 tagorae‚
401 933 454 1013 qui
476 933 629 1018 leguntur
655 931 739 1014 apud
763 931 942 1016 Diogenem
965 930 1131 996 Laertium
1156 930 1310 996 Crantor.

217 1037 263 1102 IV
287 1041 326 1102 26
351 1055 397 1118 sq.

310 1159 340 1222 ἐν
363 1161 429 1244 δοιῇ
453 1182 503 1242 μοι
525 1158 629 1241 lepte,
654 1155 718 1221 ἐπεί
741 1158 824 1241 γένος
846 1157 1044 1243 ἀμφήριστον,

308 1265 328 1348 ἤ
353 1287 387 1326 σε
409 1264 491 1326 θεῶν
514 1259 562 1325 τὸν
586 1269 701 1347 πρῶτον
726 1263 895 1345 ἀειγενέων,
913 1259 1018 1348 Ἔρος,
1043 1259 1118 1326 είπω

308 1374 366 1432 τῶν
391 1369 499 1439 ὅσσους
517 1363 646 1453 Ἔρεβός
668 1391 700 1431 τε
722 1365 816 1431 πάλαι
839 1366 976 1454 βασίλειοί
998 1392 1030 1430 τε
1052 1369 1161 1438 παῖδας

307 1475 423 1558 γείνατο
448 1470 510 1544 Νὺξ
533 1471 709 1556 πελάγεσσιν
733 1472 782 1536 ὑπ’
806 1472 907 1558 εὐρέος
926 1471 1106 1536 Ὠκεανοῖο·

310 1579 329 1664 ἥ
354 1578 445 1662 σέγε
469 1575 620 1663 Κύπριδος
643 1577 693 1641 υἷα
715 1577 901 1664 περίφρονος,
926 1579 963 1663 ν’γέ
986 1603 1020 1641 σε
1044 1577 1147 1664 Γαίης,

311 1687 331 1768 ἦ
354 1681 499 1767 Ἀνέμων·
522 1685 600 1754 τοῖος
624 1682 659 1746 σὺ
681 1682 760 1747 κακὰ
784 1684 917 1770 φρονέων
942 1682 1094 1768 ἀλάλησαι

311 1789 480 1874 ἀνθρώποις
503 1791 553 1873 ἠδ’
577 1788 681 1873 ἐσθλοί,
704 1787 737 1852 τὸ
760 1786 809 1852 καί
833 1789 884 1852 σέο
908 1796 997 1874 σῶμα
1020 1789 1147 1874 δίφυιον,

222 1892 450 1961 celeberrimos
477 1893 576 1960 fuisse
600 1900 697 1976 atque
720 1895 893 1977 praecipue
917 1894 958 1960 ab
981 1894 1209 1960 Alexandrinis
1231 1911 1311 1975 poe-

221 2001 264 2065 tis
286 2006 470 2082 respectos,
504 1998 657 2065 observat
679 1999 891 2064 Wilamowitz
924 1999 1159 2084 philologische
1189 1998 1311 2064 Unter-

222 2105 408 2190 suchungen
435 2105 480 2170 IV
502 2125 532 2186 p.
555 2111 594 2170 69
619 2123 682 2186 sq,
715 2105 768 2185 qui
796 2105 844 2169 ita
872 2104 982 2190 pergit
1005 2103 1174 2190 „augleioh
1210 2104 1311 2168 sehen

223 2209 279 2274 wir
309 2209 379 2275 hier
417 2209 475 2274 das
509 2209 621 2274 thema
654 2209 912 2294 angeschlagen‚
947 2209 1006 2275 das
1035 2208 1237 2274 schliesslich
1272 2225 1312 2271 zu

146 2379 149 2392 ,
223 2315 363 2396 Propera
379 2313 468 2378 filhrt
492 2314 680 2396 ‚quicunque
703 2313 758 2378 ille
779 2312 840 2378 fuit
862 2331 997 2394 puerum
1020 2313 1075 2394 qui
1096 2313 1200 2394 pinxit
1215 2313 1311 2376 Amo-

224 2437 295 2484 rem
317 2456 357 2464 —
381 2417 466 2482 idem
489 2438 552 2484 non
576 2417 698 2484 frustra
721 2423 874 2484 ventosas
896 2418 1022 2484 addidit
1043 2418 1134 2500 alas,
1163 2417 1229 2483 und
1252 2417 1313 2481 das

226 2523 305 2609 geht
321 2521 378 2588 aul
392 2523 454 2588 den
474 2522 597 2607 Πτέρως
623 2509 681 2588 οόε
704 2523 932 2588 Platonischen
946 2522 1105 2588 Phaidros
1121 2523 1165 2587 im
1180 2521 1312 2586 Grunde

227 2625 386 2693 zurueclr“
411 2626 450 2691 cf.
476 2626 624 2692 Ovidium
658 2645 719 2692 am.
752 2628 783 2692 II
807 2634 836 2710 9,
860 2633 901 2692 49
926 2628 1091 2710 (Amorem
1113 2625 1312 2708 adloquitur)

312 2736 347 2795 tu
370 2731 450 2796 levis
473 2749 508 2796 es
530 2732 694 2813 multoque
717 2732 781 2797 tuis
804 2731 967 2798 ventosior
989 2732 1049 2798 alis

357 2837 540 2922 gaudiaque
564 2836 716 2923 ambigua
740 2838 862 2920 dasque
886 2857 1051 2923 negasque
1073 2837 1147 2904 fide.

315 2941 467 3007 Fortasse
488 2942 589 3026 igitur
612 2945 807 3025 comparatis
829 2944 879 3008 his
903 2941 1049 3009 omnibus
1072 2962 1144 3008 cum
1155 2943 1313 3022 Philetae,

229 3045 268 3110 de
293 3063 355 3126 qua
379 3046 519 3130 egimus
547 3047 732 3113 narratione
756 3047 841 3129 apud
864 3047 1012 3132 Longum
1033 3048 1064 3111 ΙΙ
1087 3053 1107 3111 4
1130 3066 1199 3129 sqq.
1223 3048 1310 3112 inter

228 3168 285 3215 nos
318 3150 501 3234 conveniet,
534 3153 696 3234 Propertii
732 3153 764 3216 in
800 3152 906 3237 elegia
937 3152 1050 3216 11112
1089 3151 1309 3233 componenda

229 3253 333 3319 animo
365 3251 570 3322 obversatum
601 3276 672 3323 esse
705 3263 822 3338 poetae
850 3257 984 3321 alicuius
1007 3256 1217 3321 Alexandrini
1240 3275 1310 3321 car-

228 3377 315 3442 men,
339 3379 378 3426 ex
402 3378 462 3441 quo
484 3361 604 3428 lumina
627 3361 712 3427 haud
735 3380 838 3442 pauca
861 3359 1040 3446 sublegerit
1064 3367 1160 3442 atque
1185 3360 1311 3445 elegiae

167 3487 168 3494 ¹
230 3481 307 3530 suae
324 3465 505 3558 inseruerit,
529 3467 576 3531 ita
598 3472 634 3531 ut
650 3466 806 3532 traditam
830 3464 870 3531 ab
893 3466 953 3532 hoc
975 3472 1073 3547 poeta
1092 3465 1310 3532 Alexandrino

229 3571 424 3636 sententiam
454 3571 543 3636 illam
566 3572 753 3655 Antagorae
777 3589 901 3652 quoque
925 3570 1080 3636 imitando
1104 3569 1308 3651 exprimeret.

319 3674 465 3756 Denique
489 3675 617 3757 saepius
640 3681 774 3758 poetae,
797 3673 868 3740 fieri
889 3692 1002 3757 posse,
1031 3679 1068 3739 ut
1089 3673 1216 3739 Amoris
1239 3691 1311 3755 per-

232 3776 399 3846 nIcitntem
424 3778 570 3864 effugIas,
593 3786 724 3866 negant,
748 3779 933 3860 frustraque
957 3780 1025 3845 eius
1048 3779 1205 3860 potestati
1226 3797 1311 3844 mor-

231 3881 318 3949 tales
340 3882 495 3949 reluotari
518 3885 723 3967 contendunt,
747 3904 809 3967 qua
825 3885 992 3950 occasione
1009 3884 1087 3950 data
1103 3883 1156 3949 dei
1175 3883 1312 3949 formam

233 3992 330 4067 atque
354 4005 444 4054 armo
472 3988 667 4055 describunt.
724 3989 776 4054 Sic
799 3989 966 4073 Meleager
996 3989 1085 4054 anth.
1107 3989 1174 4054 Pal.
1199 3988 1228 4052 V
1252 3993 1310 4052 179

308 4136 460 4206 metopius
479 4138 635 4208 philosophi
656 4143 811 4210 μαινομένοις
835 4147 970 4195 amantem
989 4144 1139 4195 accensent.
1178 4137 1311 4192 cleliam
1386 4184 1387 4191 ,

238 4224 385 4384 λογὶρλγιιιι,
414 4225 485 4294 apud
514 4226 660 4284 stobaeum
683 4229 763 4285 floril.
789 4230 879 4283 LXIII
908 4233 939 4284 12
969 4229 1106 4300 (Meineke
1130 4243 1198 4283 corn.
1227 4227 1267 4282 III
1284 4243 1309 4296 p.

199 4314 282 4370 0630
313 4326 348 4366 a.
