2806 4808
614 409 651 466 17

77 579 176 645 ducit
199 576 331 658 Cupido.
376 575 469 640 Talia
491 575 722 640 sententiarum
750 574 871 640 lumina
903 575 1039 642 contulit
1060 575 1172 641 Rchde
1197 581 1205 600 '

77 686 176 749 Rom.
189 703 220 764 p.
232 687 293 747 108
309 700 339 744 n.
351 686 379 758 1,
404 681 578 760 eademque
599 679 777 744 sexcenties
793 680 826 744 in
840 681 973 760 gemmis
989 679 1171 762 tabulisque

77 789 181 870 pictis
203 789 370 869 apparent,
393 784 466 849 vide
489 784 574 849 Jahn
596 782 755 850 archaeclL
771 784 871 849 Beitr.
895 803 926 864 p.
941 789 1002 849 184
1024 789 1059 850 et
1075 785 1169 866 Leip-

80 895 175 974 ziger
196 890 347 956 Berichte
372 895 455 954 1849
479 909 510 971 p.
536 893 607 968 160,
638 887 693 954 ubi
722 889 819 954 etiam
843 889 1016 970 Cupidines
1039 889 1171 955 deorum

67 996 263 1066 amantium
285 996 423 1078 insignia
445 1000 611 1077 gestantes
635 999 931 1060 commemorantur.
980 993 1089 1060 Facile
1110 995 1170 1076 igi-

79 1110 139 1168 tur
160 1103 348 1183 intelleges,
381 1119 437 1165 cur
459 1101 593 1165 Amores
621 1101 815 1186 σιολοχαρεῖς
846 1100 1048 1182 appellentur
1071 1119 1090 1165 a
1113 1099 1170 1165 Se-

82 1208 190 1274 cundo
213 1207 301 1272 anth.
325 1206 414 1270 Plan.
439 1210 518 1284 214,
550 1225 611 1288 qno
642 1206 682 1271 de
713 1206 853 1271 carmine
885 1206 1030 1270 evolvere
1053 1209 1085 1269 te
1107 1224 1170 1270 non

82 1310 264 1396 poenitebit
285 1311 450 1376 Foersieri
471 1311 812 1376 Farnesina-Studien
834 1311 989 1388 [liostcck
1014 1310 1111 1393 1880)
1139 1329 1170 1392 p.

86 1424 130 1483 64
155 1437 202 1498 sq.
236 1415 289 1501 (ci.
314 1421 423 1482 notam
448 1415 533 1499 172).
589 1415 684 1480 Haud
713 1420 833 1480 temere
864 1415 924 1482 hoo
954 1435 1077 1498 quoque
1100 1415 1170 1480 loco

84 1523 201 1589 Rchde
224 1523 264 1587 de
287 1520 502 1586 Alexandrino
525 1525 656 1585 auctore
679 1521 832 1602 cogitavit
842 1519 877 1601 ¹).

175 1627 263 1693 Vtile
294 1626 408 1691 deinde
439 1630 490 1692 est
519 1625 729 1707 contemplari
758 1625 928 1707 imaginem
957 1626 1094 1692 amantis
1116 1625 1170 1690 in-

85 1729 421 1798 numerabilibus
455 1731 630 1813 sagittis
661 1736 809 1812 pectus
838 1729 1078 1812 perfossum
1107 1732 1170 1795 do-

84 1839 185 1903 lentis
213 1838 481 1917 Amoremque
515 1854 583 1900 cor
614 1854 728 1901 suum
761 1835 1010 1917 relinquere
1041 1853 1169 1916 posse

83 1941 297 2025 negantis.
344 1939 653 2020 uf.Pr0p.11113,
680 1945 694 2002 1
720 1958 768 2021 sq.

173 2066 237 2116 non
259 2050 310 2110 tot
332 2044 554 2109 Achaemeniis
577 2048 721 2109 armatur
743 2045 834 2109 Itura
857 2045 995 2127 sagittis,

217 2150 340 2232 spicula
362 2154 439 2230 quot
460 2155 569 2214 nostro
592 2153 723 2230 pectore
744 2147 813 2214 fixit
835 2150 942 2229 Amor,

84 2277 149 2341 quo
173 2276 243 2323 cum
265 2255 402 2321 disticho
426 2255 453 2319 si
484 2254 554 2336 quis
584 2273 695 2320 versus
727 2259 766 2318 13
790 2272 836 2335 sq.
861 2253 1010 2320 carminis
1040 2259 1167 2320 antece·

84 2363 194 2431 dentis
217 2359 451 2443 comparaverit

174 2469 206 2532 in
228 2485 279 2530 me
301 2466 368 2530 tela
390 2468 532 2543 manent,
556 2468 664 2529 manet
687 2469 720 2528 et
741 2463 874 2544 puerilis
896 2464 1011 2547 imago,

217 2570 274 2636 sed
298 2575 385 2635 certe
408 2587 529 2651 pennas
552 2569 693 2650 perdidit
715 2568 771 2633 ille
794 2587 878 2648 suas,

85 2678 198 2746 statim
236 2676 266 2741 ei
304 2675 338 2739 in
373 2678 512 2738 mentem
543 2673 667 2738 venerit
699 2674 791 2739 Pauli
822 2673 998 2740 Silentiarii
1027 2692 1074 2756 ep.
1107 2675 1166 2740 XX

86 2783 190 2866 (anth.
214 2781 282 2846 Pal.
306 2781 335 2845 V
359 2779 435 2861 268)

175 2884 279 2970 μηκέτι
299 2907 341 2955 τις
365 2885 484 2966 πτήξειε
506 2881 603 2944 πόθου
627 2881 729 2966 βέλος·
754 2881 872 2965 ἰοδόκην
897 2881 953 2966 γὰρ

215 2991 255 3061 εἰς
278 2987 332 3073 ἐμὲ
354 2987 464 3074 λάβρος
480 2983 584 3071 Ἔρως
606 2987 780 3058 ἐξενένωοεν
804 2988 885 3070 ὅλην.

173 3095 213 3180 μὴ
237 3093 388 3179 πτερύγων
411 3092 531 3178 τρομέοι
552 3117 593 3163 τις
618 3093 777 3177 ἐπήλυοιν
801 3092 881 3162 ἐξότε
904 3089 960 3176 γάρ
985 3117 1034 3175 μοι

216 3198 267 3270 λὰξ
291 3197 394 3284 ἐπιβὰς
418 3198 545 3283 στέρνοις
567 3196 668 3282 πικρόν
692 3197 782 3282 ἔπηξε
804 3199 892 3278 πόδα,

173 3304 338 3391 ἀοτεμρὴς,
361 3304 504 3387 ἀδόνητος
527 3303 666 3383 ἐνέξεται,
691 3301 761 3366 οὐδὲ
785 3303 919 3387 μετέστη,

216 3413 257 3482 εἰς
282 3407 335 3494 ἐμὲ
358 3409 499 3494 συζυγίην
521 3407 694 3494 κειράμενος
717 3407 879 3494 πτερόγων.

86 3518 150 3584 Sed
173 3522 262 3582 extat
283 3514 421 3580 Archiae
444 3516 639 3596 epigramma
663 3516 749 3580 anth.
773 3514 886 3580 Pal.V
909 3519 949 3578 58
973 3519 1038 3578 tam
1061 3513 1164 3578 simile

86 3623 220 3690 carmini
242 3622 412 3700 Paulian0‚
442 3626 478 3686 ut
501 3621 568 3687 eius
590 3621 727 3702 vestigia
748 3620 905 3702 pressisse
926 3624 1023 3700 poeta
1043 3618 1165 3700 Byzan-

84 3731 171 3795 tinus
194 3726 333 3793 fortasse
356 3726 516 3807 putandus
539 3727 583 3791 sit
623 3713 625 3716 ’

171 3832 256 3916 νήπι’
274 3827 386 3916 Ἔρως,
409 3829 531 3914 πορθεῖς
554 3854 591 3914 με
612 3829 644 3892 τὸ
667 3832 812 3916 κρήγυον·
839 3830 881 3902 εἰς
904 3827 941 3912 μὲ
962 3827 1091 3892 κένωσον

216 3941 272 4025 πᾶν
295 3934 331 4012 σὺ
355 3936 449 4023 βέλος,
473 3935 578 4020 λοιπὴν
603 3936 708 4020 μηκέτ’
732 3934 818 4022 ἀφεὶς
839 3935 983 4022 γλυφίδα,

158 4111 185 4182 1)
202 4109 289 4184 Ἔρως
309 4111 430 4182 βουκόλος
455 4116 572 4178 apparet
590 4109 664 4164 anth.
683 4109 742 4163 Pal.
761 4108 813 4163 VH
825 4112 893 4179 703;
923 4107 1044 4180 βουκόλον
1059 4102 1164 4176 Ἔρωτα

85 4209 225 4271 nuncupat
244 4201 404 4270 Cupidinem
423 4200 468 4268 qui
486 4200 559 4253 Iovis
577 4199 717 4267 Europam
735 4200 857 4254 vehentis
876 4199 1007 4253 cervicem
1029 4195 1165 4263 verberat,

86 4293 174 4348 Noun.
193 4292 306 4347 Dioni
330 4295 381 4360 803
410 4290 444 4344 ci.
463 4290 568 4344 Mosch.
588 4289 623 4342 id.
644 4289 681 4342 VI
706 4289 781 4355 Ahr,
810 4290 910 4356 Helbig
933 4284 1163 4354 Wandgemaelde

16 4403 20 4412 ·
86 4401 112 4436 n.
133 4386 191 4450 128,
212 4381 454 4446 Untersuchuugen
474 4396 500 4446 p.
520 4382 579 4432 224.

915 4477 933 4534 2
