2806 4808
640 405 680 464 29

206 573 349 638 Eandem
372 575 487 640 deinde
509 575 674 653 admonet,
708 580 745 641 ut
774 577 888 640 vitae
916 575 1091 642 fructum
1115 598 1202 645 car·

113 682 188 758 pat
221 683 277 744 aut
309 685 507 746 senectutem
538 682 665 746 tristem
697 686 754 748 aut
786 679 979 748 brevitatem
1011 684 1097 749 vitae
1130 685 1198 751 eius
1309 771 1310 776 ἵ

112 783 217 848 menti
240 803 421 866 proponens
443 786 459 850 Ι
484 790 533 863 19,
558 789 597 849 25

205 907 313 972 quare,
338 891 412 956 dum
434 892 521 970 licet,
544 891 629 957 inter
651 909 709 958 nos
731 890 890 956 laetemur
913 897 1058 958 amantes

248 1017 311 1062 non
336 999 416 1064 satis
440 1003 491 1064 est
512 997 578 1062 ullo
600 1003 744 1078 tempore
766 998 881 1079 longus
904 1015 993 1062 amor

117 1099 159 1166 cf.
182 1101 230 1166 ΙΙΙ
256 1108 304 1182 15,
330 1107 369 1168 23
393 1121 440 1186 sq.

205 1207 280 1273 dum
301 1227 360 1273 nos
382 1207 451 1274 fata
473 1208 590 1286 sinunt,
615 1209 724 1273 oeulos
746 1207 900 1272 satiemus
923 1225 1041 1286 amore,

246 1331 308 1376 nox
330 1311 389 1376 tibi
413 1313 509 1394 longa
531 1314 619 1377 venit
640 1331 698 1377 nee
721 1313 867 1379 reditura
890 1315 968 1380 dies.

117 1415 181 1482 Est
212 1418 373 1482 sententia
402 1417 488 1499 apud
518 1417 656 1482 cuiusvis
686 1418 756 1482 aevi
785 1419 960 1500 scriptores
990 1420 1202 1484 usitatissima

119 1529 218 1603 atque
245 1523 278 1586 in
309 1523 480 1604 propatulo
510 1523 627 1604 posita.
682 1522 777 1587 Modo
811 1525 894 1588 enim
922 1532 1073 1605 mortem,
1106 1525 1201 1591 modo

116 1631 315 1692 senectutem
340 1628 512 1693 instantem
536 1628 707 1693 admonere
730 1647 788 1694 nos
816 1630 942 1710 dieunt,
975 1637 1012 1696 ut
1044 1630 1202 1711 bibamus,

117 1737 156 1797 ut
172 1751 330 1811 ememus,
364 1738 400 1798 ut
422 1733 509 1799 vitae
531 1733 713 1813 voluptates
736 1734 929 1802 hauriamus.
975 1737 1066 1814 Quod
1088 1736 1201 1802 verbo-

113 1855 186 1902 rum
220 1837 460 1903 similitudinem
491 1839 622 1917 attinet,
656 1839 799 1918 proxime
822 1840 863 1906 ad
886 1841 1088 1922 Propertium
1110 1861 1202 1908 acee-

116 1941 166 2007 dit
190 1939 335 2008 Tibullus
358 1942 373 2006 Ι
398 1949 426 2021 1,
451 1947 491 2006 69

201 2047 335 2127 interea,
360 2049 435 2114 dum
458 2046 526 2112 fata
549 2047 667 2125 sinunt,
690 2047 858 2128 iungamus
880 2067 1015 2130 amores,

246 2152 311 2216 iam
332 2153 440 2216 veniet
461 2149 606 2216 tenebris
629 2151 717 2216 Mors
742 2152 898 2233 adoperta
921 2162 1026 2235 eaput.

115 2253 165 2320 cf.
190 2254 230 2321 ad
254 2256 337 2320 hune
360 2257 477 2321 Dissen
499 2275 529 2336 p.
555 2259 605 2320 26.
662 2257 858 2322 Amaverunt
891 2256 973 2324 hano
1007 2261 1199 2325 sententiam

117 2364 234 2441 poetae
258 2360 462 2441 anthologiae
474 2360 651 2428 Palatinae.
698 2359 745 2425 Gi.
768 2361 797 2426 V
822 2367 880 2441 123
903 2368 944 2426 72
958 2364 989 2429 al
1001 2364 1036 2447 ¹).
1080 2364 1202 2429 Eodem

118 2469 246 2546 spectat
269 2465 446 2530 Philodami
469 2464 666 2547 epigramma
682 2465 768 2530 anth.
792 2467 860 2532 Pal.
878 2467 923 2531 lll
942 2473 1014 2548 570,
1037 2468 1092 2534 ubi
1114 2471 1201 2551 psal-

15 2641 19 2648 ,
115 2570 213 2634 triam
235 2570 379 2635 intuetur
401 2570 514 2635 mortis
536 2569 710 2636 recordans
805 2579 808 2590 “

577 2675 607 2738 ἐν
633 2673 795 2760 μονοκλίνῳ

249 2781 294 2841 δεῖ
319 2803 355 2863 με
377 2781 552 2865 λιθοδμήτῳ
578 2781 615 2864 δή
639 2803 710 2844 ποτε
733 2780 873 2866 πετριὸἱῳ

204 2884 300 2948 εὕδειν
324 2883 484 2957 ἀθανάτως
508 2884 618 2949 πουλὺν
641 2887 757 2971 χρόνον,

118 2991 204 3070 quod
226 2990 345 3072 legenti
376 2992 407 3055 in
438 2996 578 3056 mentem
608 2989 668 3056 tibi
697 2993 803 3056 veniet
832 2992 946 3074 longae
977 2993 1065 3060 illius
1098 2996 1201 3061 noetis

119 3093 360 3176 Propertianae.
418 3097 455 3161 In
478 3097 575 3162 simili
598 3097 823 3162 adhortatione
847 3097 1054 3179 Asclepiades
1077 3118 1201 3182 qnoque

119 3200 207 3266 anth.
232 3200 299 3266 Pal.
323 3201 385 3265 XII
412 3207 451 3266 50
474 3223 502 3267 ν.
528 3207 545 3265 7
569 3221 617 3283 sq.
639 3207 775 3267 mortem
797 3208 892 3268 vocat
912 3209 1038 3269 noctem

208 3305 345 3390 πίνομεν·
370 3306 403 3369 οὐ
427 3303 483 3392 γὰρ
506 3307 592 3392 ἐρᾷς
624 3304 698 3390 μετά
719 3331 764 3369 τοι
785 3308 892 3392 χρόνον
916 3307 1013 3372 οὐκέτι
1035 3307 1154 3392 πουλὺν,

249 3410 376 3496 σχέτλιε,
398 3411 451 3496 τὴν
475 3409 589 3498 μακρὰν
612 3409 686 3475 νύκτ’
715 3413 962 3499 ἀναπαυσόμεθα.

122 3510 356 3580 0101111115
408 3523 422 3550 ⁸

205 3617 357 3699 vivamus,
380 3640 453 3686 mea
475 3620 602 3702 Lesbia,
627 3628 724 3706 atque
746 3645 888 3692 amemus
912 3676 919 3691 .
943 3675 951 3692 .
975 3677 982 3691 .

209 3724 294 3790 soles
317 3726 463 3791 occidere
487 3731 520 3791 et
542 3728 650 3794 redire
672 3736 822 3812 possunt:

203 3827 305 3909 nobis,
329 3849 400 3896 eum
422 3833 521 3897 semel
543 3834 661 3900 oceidit
682 3833 789 3902 brevis
811 3837 874 3916 lux,

206 3953 268 3999 nor
289 3941 341 4002 est
361 3942 519 4019 perpetua
541 3957 605 4005 una
627 3940 815 4008 dormiendo

120 4105 350 4116 ι-ι--η-

192 4216 218 4284 1)
238 4216 270 4270 ef.
298 4215 449 4274 Mimnerm.
477 4219 544 4274 fal
572 4221 594 4275 B
620 4239 647 4290 p,
667 4225 720 4278 tos
748 4223 788 4277 ed.
814 4223 871 4294 1113
899 4225 974 4278 suth.
999 4224 1101 4279 Palx
1135 4229 1201 4297 1003

118 4304 158 4360 XI
178 4309 227 4376 19;
255 4307 295 4360 XI
313 4311 363 4379 283
391 4309 430 4362 XI
448 4313 491 4378 62,
521 4311 568 4365 ubi
595 4312 676 4380 plura
705 4313 838 4368 dederunt
865 4314 1047 4385 interpretes3
1076 4315 1204 4383 Zingerle

118 4395 177 4463 lp.
196 4398 230 4450 45
250 4413 307 4465 sqq.
