2806 4808
199 1231 244 1298 Vt
266 1233 299 1296 in
321 1231 476 1311 rationes,
499 1229 614 1314 quibus
629 1231 818 1312 Propertius
840 1233 954 1311 poetas
968 1227 1110 1294 Graecos
1125 1227 1194 1292 imi-

106 1340 201 1403 tatus
224 1336 277 1417 sit,
301 1335 541 1420 cognoscendas
563 1336 774 1418 inquirerem,
797 1334 933 1400 maxime
955 1352 1006 1398 me
1027 1332 1195 1414 permovit,

107 1441 196 1524 quod
220 1460 290 1508 cum
304 1439 499 1523 Huscbkii¹)
523 1439 720 1522 aliorumque
744 1439 840 1504 docta
862 1457 961 1520 opera
983 1437 1101 1504 dudum
1124 1455 1197 1518 pro-

107 1545 239 1612 bauerit
260 1542 533 1627 intellegentibus,
557 1548 673 1626 poetae
696 1543 790 1609 huius
814 1547 916 1608 artem
939 1544 1019 1610 satis
1035 1541 1198 1608 difficilem

110 1651 176 1716 nisi
190 1649 330 1716 admotis
343 1647 577 1731 exemplaribus
588 1647 722 1714 Graecis
735 1653 824 1713 recte
837 1647 1002 1713 aestimari
1016 1666 1079 1713 non
1093 1667 1198 1731 posse,

109 1763 221 1822 tamen
243 1755 417 1821 multorum
441 1753 618 1819 coniunctis
642 1772 722 1835 opus
744 1772 816 1819 esse
840 1753 966 1832 studiis,
988 1759 1026 1820 ut
1044 1753 1198 1818 imitatio·

109 1862 163 1927 nis
186 1859 418 1942 Propertianae
442 1859 547 1940 imago
570 1863 636 1923 tam
660 1877 831 1940 expressa,
864 1861 931 1923 tam
958 1858 1069 1940 plena,
1104 1876 1198 1940 quam

109 1985 172 2048 per
193 1964 330 2030 fontium
347 1962 544 2029 Graecorum
566 1963 759 2029 tenuitatem
781 1961 851 2027 fieri
873 1963 1003 2044 poterit,
1028 1962 1198 2043 aliquando

109 2069 294 2152 effingatur,
317 2075 434 2153 poetae
456 2070 587 2136 assidua
609 2069 707 2136 lectio
730 2070 848 2135 docuit.
894 2069 943 2134 Ad
966 2070 1026 2135 hoc
1049 2069 1137 2152 longi
1150 2068 1197 2134 la-

109 2175 202 2241 boris
224 2194 304 2258 opus
326 2195 415 2242 meas
446 2174 681 2258 qualescunque
713 2172 875 2256 symbolas
907 2174 1062 2239 collaturo
1091 2171 1198 2237 multi-

110 2279 229 2346 fariam
251 2279 315 2344 frui
338 2279 430 2346 licuit
453 2281 553 2363 copiis
576 2281 642 2359 eia,
679 2297 759 2361 quas
790 2277 924 2343 aliorum
955 2277 1101 2342 doctrina
1124 2295 1198 2342 con·

111 2388 224 2466 gestas
239 2384 355 2464 inveni,
377 2385 445 2450 fere
465 2385 559 2467 plura
575 2390 682 2450 tamen
697 2381 797 2448 debeo
811 2382 972 2464 Diltbeyo,
995 2383 1199 2464 praeceptori

110 2488 285 2566 benevolo,
308 2488 362 2569 qui
386 2507 457 2554 cum
480 2488 608 2566 scholis,
632 2507 712 2568 quas
731 2485 853 2566 habuit,
876 2485 1024 2568 publicis,
1047 2491 1115 2552 tum
1133 2486 1199 2568 pri·

110 2593 198 2659 vatis
221 2593 377 2658 sermonis
399 2591 629 2674 literarumque
650 2589 988 2656 communicationibus
1010 2596 1045 2656 et
1067 2591 1200 2656 consilia

111 2695 252 2763 subiecit
284 2695 427 2762 salubria
457 2701 491 2762 et
519 2697 712 2778 scriptorum
742 2696 829 2761 locos
859 2695 1051 2761 monstravit
1080 2696 1199 2761 multos

111 2819 302 2884 gravesque.

200 2906 245 2971 Et
255 2905 542 2971 Alexandrinorum
558 2907 726 2986 poetarum
741 2904 879 2969 imitatio
898 2905 1111 2986 Propertiana
1129 2923 1199 2970 cum

111 3011 297 3077 etiamnunc
320 3009 425 3092 qualis
447 3007 546 3074 fuerit
568 3027 632 3072 non
655 3009 780 3073 omuino
804 3014 976 3090 appareat,
1007 3009 1067 3074 boc
1090 3014 1198 3074 tamen

112 3134 207 3180 nemo
230 3115 262 3179 in
286 3112 416 3180 dubium
438 3131 553 3178 vocare
575 3117 694 3194 potest,
718 3113 794 3194 quin
818 3119 851 3178 et
865 3113 1043 3179 sententias
1058 3113 1198 3195 permul-

111 3227 166 3286 tas
190 3222 224 3284 et
245 3220 319 3301 ipsa
341 3218 516 3300 elegiarum
541 3221 730 3298 argumenta
752 3236 815 3282 non
837 3217 926 3282 nulla
941 3217 1074 3283 Graecis
1090 3222 1199 3284 aucto·

112 3323 204 3390 ribus
227 3322 376 3390 debuerit
398 3327 504 3405 poeta.
552 3321 629 3387 Cum
653 3340 729 3386 vero
751 3321 951 3403 indagandis,
976 3339 1055 3402 quos
1078 3322 1110 3385 in
1133 3321 1199 3386 elo·

113 3429 242 3495 cutione
280 3431 409 3494 secutus
449 3426 493 3492 sit
532 3426 739 3507 Propertius,
778 3423 989 3507 scriptoribus
1028 3425 1200 3507 praecipue

113 3532 350 3616 Hertzbergius
372 3550 503 3614 operam
526 3531 662 3610 dederit,
686 3531 743 3610 eis,
768 3548 900 3612 quorum
924 3530 956 3594 in
975 3528 1092 3596 fabulis
1108 3549 1200 3595 enar-

112 3638 227 3704 randis
250 3637 388 3718 uestigia
409 3635 584 3718 presserit,
608 3633 813 3716 explorandis
836 3632 996 3713 Rohdius,
1020 3631 1199 3715 Helbigius,

114 3744 211 3824 Otto,
239 3738 495 3823 Kalkmannus²)
521 3739 575 3805 alii
598 3739 798 3818 studuerint,
823 3737 1089 3820 disputationem,
1120 3756 1201 3819 quae

188 3913 216 3983 1)
235 3913 264 3967 in
282 3912 400 3981 epistola
419 3912 515 3966 critica
534 3910 563 3965 iu
581 3909 756 3978 Propertium
775 3909 811 3964 ad
829 3909 1008 3965 Laurentium
1026 3925 1079 3964 van
1099 3908 1201 3964 Santen

115 4000 314 4056 Amstelodami
333 4003 402 4056 1792
421 4000 586 4068 conscripta.

190 4091 219 4161 2)
238 4089 362 4145 Rohdins
380 4089 483 4159 passim
501 4089 529 4143 in
548 4087 619 4143 libro
645 4086 693 4142 der
719 4087 889 4156 griechisehe
915 4086 1022 4142 Roman
1048 4086 1103 4141 und
1127 4087 1201 4141 aeine

114 4179 290 4249 Vorlaeufer3
308 4179 451 4248 Helbigius
470 4178 535 4233 item
554 4176 583 4232 in
595 4177 841 4246 Unterauehungen
859 4176 942 4232 ueber
954 4175 998 4230 die
1011 4176 1202 4245 campanisehe

116 4269 338 4339 Wandmelerei3
357 4270 421 4325 Otto
435 4267 468 4324 de
482 4267 583 4323 fabulis
596 4267 794 4335 Propertianis,
812 4266 1000 4322 Vratislaviae
1014 4269 1096 4335 1880;
1118 4265 1202 4320 Kelk-

115 4375 229 4416 mannua
247 4357 281 4414 de
299 4357 458 4430 Hippolytis
476 4356 644 4426 Euripideis,
665 4356 777 4412 Bonnae
797 4360 874 4412 1882.

927 4458 946 4522 l
