<?xml version="1.0" encoding="UTF-8"?>
<!DOCTYPE html PUBLIC "-//W3C//DTD XHTML 1.0 Transitional//EN"
    "http://www.w3.org/TR/xhtml1/DTD/xhtml1-transitional.dtd">
<html xmlns="http://www.w3.org/1999/xhtml" xml:lang="en" lang="en">
 <head>
  <title>
</title>
<meta http-equiv="Content-Type" content="text/html;charset=utf-8" />
  <meta name='ocr-system' content='tesseract 3.04.00' />
  <meta name='ocr-capabilities' content='ocr_page ocr_carea ocr_par ocr_line ocrx_word'/>
</head>
<body>
  <div class='ocr_page' id='page_1' title='image "./qvaestionesprop00mallgoog_0033.png"; bbox 0 0 2806 4808; ppageno 0'>
   <div class='ocr_carea' id='block_1_1' title="bbox 236 497 1386 647">
    <p class='ocr_par' dir='ltr' id='par_1_1' title="bbox 236 497 1386 647">
     <span class='ocr_line' id='line_1_1' title="bbox 236 497 1386 647; baseline -0.01 -18"><span class='ocrx_word' id='word_1_1' title='bbox 236 565 340 647; x_wconf 90' lang='lat' dir='ltr'>psisse</span> <span class='ocrx_word' id='word_1_2' title='bbox 361 561 443 627; x_wconf 90' lang='lat' dir='ltr'>hanc</span> <span class='ocrx_word' id='word_1_3' title='bbox 466 561 659 627; x_wconf 73' lang='lat' dir='ltr'>sententiam</span> <span class='ocrx_word' id='word_1_4' title='bbox 683 577 801 638; x_wconf 91' lang='lat' dir='ltr'>omnes,</span> <span class='ocrx_word' id='word_1_5' title='bbox 836 576 914 640; x_wconf 90' lang='lat' dir='ltr'>quos</span> <span class='ocrx_word' id='word_1_6' title='bbox 937 555 1030 621; x_wconf 91' lang='lat' dir='ltr'>modo</span> <span class='ocrx_word' id='word_1_7' title='bbox 1053 553 1163 633; x_wconf 86' lang='lat' dir='ltr'>attuli,</span> <span class='ocrx_word' id='word_1_8' title='bbox 1199 558 1321 635; x_wconf 88' lang='lat' dir='ltr'>poetas</span> <span class='ocrx_word' id='word_1_9' title='bbox 1385 497 1386 550; x_wconf 82' lang='lat' dir='ltr'>l</span> 
     </span>
    </p>
   </div>
   <div class='ocr_carea' id='block_1_2' title="bbox 237 671 1324 849">
    <p class='ocr_par' dir='ltr' id='par_1_2' title="bbox 237 671 1324 849">
     <span class='ocr_line' id='line_1_2' title="bbox 237 671 408 734; baseline -0.018 0"><span class='ocrx_word' id='word_1_10' title='bbox 237 671 408 734; x_wconf 89' lang='lat' dir='ltr'>Romanos.</span> 
     </span>
     <span class='ocr_line' id='line_1_3' title="bbox 324 763 1324 849; baseline -0.008 -12"><span class='ocrx_word' id='word_1_11' title='bbox 324 773 465 837; x_wconf 90' lang='lat' dir='ltr'>Primum</span> <span class='ocrx_word' id='word_1_12' title='bbox 495 769 579 834; x_wconf 90' lang='lat' dir='ltr'>enim</span> <span class='ocrx_word' id='word_1_13' title='bbox 609 767 713 833; x_wconf 87' lang='lat' dir='ltr'>simile</span> <span class='ocrx_word' id='word_1_14' title='bbox 744 765 865 849; x_wconf 87' lang='lat' dir='ltr'>aliquid</span> <span class='ocrx_word' id='word_1_15' title='bbox 893 766 955 831; x_wconf 89' lang='lat' dir='ltr'>iam</span> <span class='ocrx_word' id='word_1_16' title='bbox 985 765 1119 846; x_wconf 83' lang='lat' dir='ltr'>legimus</span> <span class='ocrx_word' id='word_1_17' title='bbox 1153 763 1237 847; x_wconf 88' lang='lat' dir='ltr'>apud</span> <span class='ocrx_word' id='word_1_18' title='bbox 1262 764 1324 829; x_wconf 88' lang='lat' dir='ltr'>So-</span> 
     </span>
    </p>
   </div>
   <div class='ocr_carea' id='block_1_3' title="bbox 172 863 1389 1904">
    <p class='ocr_par' dir='ltr' id='par_1_3' title="bbox 172 863 1327 1270">
     <span class='ocr_line' id='line_1_4' title="bbox 238 863 1327 961; baseline -0.01 -18"><span class='ocrx_word' id='word_1_19' title='bbox 238 878 385 961; x_wconf 88' lang='lat' dir='ltr'>phoclem</span> <span class='ocrx_word' id='word_1_20' title='bbox 423 877 455 940; x_wconf 94' lang='lat' dir='ltr'>in</span> <span class='ocrx_word' id='word_1_21' title='bbox 489 874 668 956; x_wconf 86' lang='lat' dir='ltr'>fragmento</span> <span class='ocrx_word' id='word_1_22' title='bbox 702 863 758 937; x_wconf 93' lang='lat' dir='ltr'>illo</span> <span class='ocrx_word' id='word_1_23' title='bbox 790 891 890 953; x_wconf 89' lang='lat' dir='ltr'>supra</span> <span class='ocrx_word' id='word_1_24' title='bbox 921 875 1166 936; x_wconf 89' lang='lat' dir='ltr'>commemorato</span> <span class='ocrx_word' id='word_1_25' title='bbox 1206 874 1266 933; x_wconf 80' lang='lat'>741</span> <span class='ocrx_word' id='word_1_26' title='bbox 1293 871 1327 933; x_wconf 89' lang='lat' dir='ltr'>N</span> 
     </span>
     <span class='ocr_line' id='line_1_5' title="bbox 241 973 1325 1068; baseline -0.006 -22"><span class='ocrx_word' id='word_1_27' title='bbox 241 985 345 1068; x_wconf 83' lang='grc' dir='ltr'>ὅρκους</span> <span class='ocrx_word' id='word_1_28' title='bbox 368 982 429 1065; x_wconf 83' lang='grc' dir='ltr'>ἐγὼ</span> <span class='ocrx_word' id='word_1_29' title='bbox 452 976 588 1063; x_wconf 77' lang='grc' dir='ltr'>γυναικὸς</span> <span class='ocrx_word' id='word_1_30' title='bbox 610 978 653 1050; x_wconf 75' lang='grc' dir='ltr'>εἰς</span> <span class='ocrx_word' id='word_1_31' title='bbox 674 977 755 1062; x_wconf 81' lang='grc' dir='ltr'>ὕδωρ</span> <span class='ocrx_word' id='word_1_32' title='bbox 775 975 882 1062; x_wconf 73' lang='grc' dir='ltr'>γράφω</span> <span class='ocrx_word' id='word_1_33' title='bbox 892 976 928 1060; x_wconf 84' lang='grc'>1),</span> <span class='ocrx_word' id='word_1_34' title='bbox 951 975 1034 1041; x_wconf 85' lang='lat' dir='ltr'>unde</span> <span class='ocrx_word' id='word_1_35' title='bbox 1055 973 1231 1057; x_wconf 81' lang='lat' dir='ltr'>profectum</span> <span class='ocrx_word' id='word_1_36' title='bbox 1248 991 1325 1040; x_wconf 77' lang='lat' dir='ltr'>esse</span> 
     </span>
     <span class='ocr_line' id='line_1_6' title="bbox 172 1083 827 1162; baseline -0.011 -8"><span class='ocrx_word' id='word_1_37' title='bbox 172 1147 175 1154; x_wconf 79' lang='grc'>,</span> <span class='ocrx_word' id='word_1_38' title='bbox 240 1088 368 1156; x_wconf 90' lang='lat' dir='ltr'>videtur</span> <span class='ocrx_word' id='word_1_39' title='bbox 391 1086 607 1154; x_wconf 76' lang='lat' dir='ltr'>catullianum</span> <span class='ocrx_word' id='word_1_40' title='bbox 630 1083 711 1149; x_wconf 93' lang='lat' dir='ltr'>illud</span> <span class='ocrx_word' id='word_1_41' title='bbox 734 1088 784 1162; x_wconf 82' lang='lat'>70,</span> <span class='ocrx_word' id='word_1_42' title='bbox 809 1087 827 1147; x_wconf 85' lang='lat'>3</span> 
     </span>
     <span class='ocr_line' id='line_1_7' title="bbox 471 1169 1084 1270; baseline -0.008 -15"><span class='ocrx_word' id='word_1_43' title='bbox 471 1169 586 1256; x_wconf 84' lang='lat' dir='ltr'>mulier</span> <span class='ocrx_word' id='word_1_44' title='bbox 609 1187 723 1270; x_wconf 91' lang='lat' dir='ltr'>cupido</span> <span class='ocrx_word' id='word_1_45' title='bbox 747 1186 831 1270; x_wconf 89' lang='lat' dir='ltr'>quod</span> <span class='ocrx_word' id='word_1_46' title='bbox 853 1186 932 1252; x_wconf 92' lang='lat' dir='ltr'>dicit</span> <span class='ocrx_word' id='word_1_47' title='bbox 954 1186 1084 1265; x_wconf 85' lang='lat' dir='ltr'>amanti,</span> 
     </span>
    </p>

    <p class='ocr_par' dir='ltr' id='par_1_4' title="bbox 240 1290 1388 1694">
     <span class='ocr_line' id='line_1_8' title="bbox 326 1290 1135 1376; baseline -0.009 -14"><span class='ocrx_word' id='word_1_48' title='bbox 326 1299 358 1362; x_wconf 94' lang='lat' dir='ltr'>in</span> <span class='ocrx_word' id='word_1_49' title='bbox 381 1301 476 1362; x_wconf 88' lang='lat' dir='ltr'>vento</span> <span class='ocrx_word' id='word_1_50' title='bbox 498 1300 532 1360; x_wconf 90' lang='lat' dir='ltr'>et</span> <span class='ocrx_word' id='word_1_51' title='bbox 553 1293 668 1376; x_wconf 86' lang='lat' dir='ltr'>rapida</span> <span class='ocrx_word' id='word_1_52' title='bbox 690 1291 831 1359; x_wconf 87' lang='lat' dir='ltr'>scribere</span> <span class='ocrx_word' id='word_1_53' title='bbox 855 1296 983 1373; x_wconf 89' lang='lat' dir='ltr'>oportet</span> <span class='ocrx_word' id='word_1_54' title='bbox 1006 1290 1135 1374; x_wconf 74' lang='lat' dir='ltr'>aqua2).</span> 
     </span>
     <span class='ocr_line' id='line_1_9' title="bbox 241 1396 1388 1482; baseline -0.01 -12"><span class='ocrx_word' id='word_1_55' title='bbox 241 1403 305 1470; x_wconf 80' lang='lat' dir='ltr'>Sed</span> <span class='ocrx_word' id='word_1_56' title='bbox 327 1402 379 1468; x_wconf 90' lang='lat' dir='ltr'>hic</span> <span class='ocrx_word' id='word_1_57' title='bbox 402 1402 491 1467; x_wconf 88' lang='lat' dir='ltr'>locus</span> <span class='ocrx_word' id='word_1_58' title='bbox 517 1400 682 1482; x_wconf 83' lang='lat' dir='ltr'><strong>Sophoclis</strong></span> <span class='ocrx_word' id='word_1_59' title='bbox 705 1404 771 1465; x_wconf 89' lang='lat' dir='ltr'>tam</span> <span class='ocrx_word' id='word_1_60' title='bbox 795 1399 939 1464; x_wconf 87' lang='lat' dir='ltr'>diversus</span> <span class='ocrx_word' id='word_1_61' title='bbox 962 1402 1013 1463; x_wconf 88' lang='lat' dir='ltr'>est</span> <span class='ocrx_word' id='word_1_62' title='bbox 1035 1396 1076 1463; x_wconf 90' lang='lat' dir='ltr'>ab</span> <span class='ocrx_word' id='word_1_63' title='bbox 1098 1397 1162 1463; x_wconf 92' lang='lat' dir='ltr'>illis</span> <span class='ocrx_word' id='word_1_64' title='bbox 1184 1397 1322 1478; x_wconf 84' lang='lat' dir='ltr'>Latinis,</span> <span class='ocrx_word' id='word_1_65' title='bbox 1387 1443 1388 1458; x_wconf 64' lang='grc'>,</span> 
     </span>
     <span class='ocr_line' id='line_1_10' title="bbox 240 1502 1323 1585; baseline -0.007 -9"><span class='ocrx_word' id='word_1_66' title='bbox 240 1515 276 1576; x_wconf 90' lang='lat' dir='ltr'>ut</span> <span class='ocrx_word' id='word_1_67' title='bbox 299 1527 370 1574; x_wconf 91' lang='lat' dir='ltr'>eum</span> <span class='ocrx_word' id='word_1_68' title='bbox 394 1510 468 1573; x_wconf 87' lang='lat' dir='ltr'>ante</span> <span class='ocrx_word' id='word_1_69' title='bbox 491 1506 599 1572; x_wconf 89' lang='lat' dir='ltr'>oculos</span> <span class='ocrx_word' id='word_1_70' title='bbox 622 1504 719 1571; x_wconf 89' lang='lat' dir='ltr'>fuisse</span> <span class='ocrx_word' id='word_1_71' title='bbox 742 1504 846 1585; x_wconf 91' lang='lat' dir='ltr'>poetis</span> <span class='ocrx_word' id='word_1_72' title='bbox 868 1503 1020 1569; x_wconf 86' lang='lat' dir='ltr'>Romanis</span> <span class='ocrx_word' id='word_1_73' title='bbox 1041 1502 1156 1568; x_wconf 90' lang='lat' dir='ltr'>merito</span> <span class='ocrx_word' id='word_1_74' title='bbox 1187 1521 1323 1584; x_wconf 84' lang='lat' dir='ltr'>negave-</span> 
     </span>
     <span class='ocr_line' id='line_1_11' title="bbox 240 1608 1283 1694; baseline -0.009 -12"><span class='ocrx_word' id='word_1_75' title='bbox 240 1615 294 1682; x_wconf 86' lang='lat' dir='ltr'>ris.</span> <span class='ocrx_word' id='word_1_76' title='bbox 341 1613 401 1678; x_wconf 87' lang='lat' dir='ltr'>Est</span> <span class='ocrx_word' id='word_1_77' title='bbox 424 1612 520 1694; x_wconf 88' lang='lat' dir='ltr'>paulo</span> <span class='ocrx_word' id='word_1_78' title='bbox 544 1611 678 1678; x_wconf 83' lang='lat' dir='ltr'>similior</span> <span class='ocrx_word' id='word_1_79' title='bbox 700 1609 856 1690; x_wconf 83' lang='lat' dir='ltr'>Meleagri</span> <span class='ocrx_word' id='word_1_80' title='bbox 875 1627 986 1674; x_wconf 86' lang='lat' dir='ltr'>versus</span> <span class='ocrx_word' id='word_1_81' title='bbox 1011 1608 1097 1674; x_wconf 90' lang='lat' dir='ltr'>anth.</span> <span class='ocrx_word' id='word_1_82' title='bbox 1120 1608 1187 1674; x_wconf 90' lang='lat' dir='ltr'>Pal.</span> <span class='ocrx_word' id='word_1_83' title='bbox 1210 1608 1239 1674; x_wconf 85' lang='lat' dir='ltr'>V</span> <span class='ocrx_word' id='word_1_84' title='bbox 1263 1614 1283 1673; x_wconf 87' lang='lat'>8</span> 
     </span>
    </p>

    <p class='ocr_par' dir='ltr' id='par_1_5' title="bbox 240 1712 1389 1904">
     <span class='ocr_line' id='line_1_12' title="bbox 329 1712 1195 1800; baseline -0.007 -20"><span class='ocrx_word' id='word_1_85' title='bbox 329 1721 379 1781; x_wconf 79' lang='grc' dir='ltr'>νῦν</span> <span class='ocrx_word' id='word_1_86' title='bbox 404 1717 455 1779; x_wconf 80' lang='grc' dir='ltr'>δ’ὁ</span> <span class='ocrx_word' id='word_1_87' title='bbox 479 1713 530 1800; x_wconf 84' lang='grc' dir='ltr'>μὲν</span> <span class='ocrx_word' id='word_1_88' title='bbox 554 1712 639 1800; x_wconf 79' lang='grc' dir='ltr'>ὅρκιά</span> <span class='ocrx_word' id='word_1_89' title='bbox 663 1737 751 1799; x_wconf 80' lang='grc' dir='ltr'>φησιν</span> <span class='ocrx_word' id='word_1_90' title='bbox 775 1713 805 1776; x_wconf 85' lang='grc' dir='ltr'>ἐν</span> <span class='ocrx_word' id='word_1_91' title='bbox 829 1713 914 1775; x_wconf 78' lang='grc' dir='ltr'>ὕδατι</span> <span class='ocrx_word' id='word_1_92' title='bbox 935 1714 1018 1776; x_wconf 84' lang='grc' dir='ltr'>κεῖνα</span> <span class='ocrx_word' id='word_1_93' title='bbox 1041 1713 1195 1799; x_wconf 76' lang='grc' dir='ltr'>φέρεσθαι.</span> 
     </span>
     <span class='ocr_line' id='line_1_13' title="bbox 240 1819 1389 1904; baseline -0.005 -13"><span class='ocrx_word' id='word_1_94' title='bbox 240 1824 392 1904; x_wconf 83' lang='lat' dir='ltr'>Accedit,</span> <span class='ocrx_word' id='word_1_95' title='bbox 427 1822 512 1904; x_wconf 91' lang='lat' dir='ltr'>quod</span> <span class='ocrx_word' id='word_1_96' title='bbox 541 1826 709 1902; x_wconf 89' lang='lat' dir='ltr'>utramque</span> <span class='ocrx_word' id='word_1_97' title='bbox 742 1821 934 1885; x_wconf 87' lang='lat' dir='ltr'>sententiam</span> <span class='ocrx_word' id='word_1_98' title='bbox 972 1819 1056 1901; x_wconf 88' lang='lat' dir='ltr'>apud</span> <span class='ocrx_word' id='word_1_99' title='bbox 1089 1819 1323 1894; x_wconf 89' lang='lat' dir='ltr'>Alexandrinos</span> <span class='ocrx_word' id='word_1_100' title='bbox 1388 1863 1389 1896; x_wconf 43' lang='grc' dir='ltr'>ν</span> 
     </span>
    </p>
   </div>
   <div class='ocr_carea' id='block_1_4' title="bbox 240 1923 1325 2116">
    <p class='ocr_par' dir='ltr' id='par_1_6' title="bbox 240 1923 1325 2116">
     <span class='ocr_line' id='line_1_14' title="bbox 240 1923 1325 2012; baseline -0.004 -18"><span class='ocrx_word' id='word_1_101' title='bbox 240 1934 354 2012; x_wconf 88' lang='lat' dir='ltr'>poetas</span> <span class='ocrx_word' id='word_1_102' title='bbox 383 1928 464 1994; x_wconf 88' lang='lat' dir='ltr'>satis</span> <span class='ocrx_word' id='word_1_103' title='bbox 492 1931 601 1993; x_wconf 89' lang='lat' dir='ltr'>notam</span> <span class='ocrx_word' id='word_1_104' title='bbox 629 1924 728 2009; x_wconf 89' lang='lat' dir='ltr'>fuisse</span> <span class='ocrx_word' id='word_1_105' title='bbox 757 1929 900 2004; x_wconf 90' lang='lat' dir='ltr'>constat,</span> <span class='ocrx_word' id='word_1_106' title='bbox 932 1942 1005 1989; x_wconf 90' lang='lat' dir='ltr'>nam</span> <span class='ocrx_word' id='word_1_107' title='bbox 1034 1924 1169 1990; x_wconf 90' lang='lat' dir='ltr'>alteram</span> <span class='ocrx_word' id='word_1_108' title='bbox 1196 1923 1325 1991; x_wconf 85' lang='lat' dir='ltr'>exhibet</span> 
     </span>
     <span class='ocr_line' id='line_1_15' title="bbox 242 2028 1121 2116; baseline -0.01 -15"><span class='ocrx_word' id='word_1_109' title='bbox 242 2032 456 2101; x_wconf 79' lang='lat' dir='ltr'>Callimachus</span> <span class='ocrx_word' id='word_1_110' title='bbox 479 2052 528 2114; x_wconf 91' lang='lat' dir='ltr'>ep.</span> <span class='ocrx_word' id='word_1_111' title='bbox 551 2031 674 2096; x_wconf 87' lang='lat' dir='ltr'>XXVII</span> <span class='ocrx_word' id='word_1_112' title='bbox 697 2030 790 2096; x_wconf 85' lang='lat' dir='ltr'>Scbn.</span> <span class='ocrx_word' id='word_1_113' title='bbox 821 2028 922 2116; x_wconf 89' lang='lat' dir='ltr'>(anth.</span> <span class='ocrx_word' id='word_1_114' title='bbox 946 2029 1014 2095; x_wconf 89' lang='lat' dir='ltr'>Pal.</span> <span class='ocrx_word' id='word_1_115' title='bbox 1036 2029 1065 2094; x_wconf 90' lang='lat' dir='ltr'><strong>V</strong></span> <span class='ocrx_word' id='word_1_116' title='bbox 1088 2030 1121 2112; x_wconf 87' lang='grc'>6)</span> 
     </span>
    </p>
   </div>
   <div class='ocr_carea' id='block_1_5' title="bbox 239 2131 1391 4012">
    <p class='ocr_par' dir='ltr' id='par_1_7' title="bbox 239 2131 1391 4012">
     <span class='ocr_line' id='line_1_16' title="bbox 329 2131 1130 2222; baseline -0.005 -21"><span class='ocrx_word' id='word_1_117' title='bbox 329 2138 462 2222; x_wconf 80' lang='grc' dir='ltr'>ὤμοσεν·</span> <span class='ocrx_word' id='word_1_118' title='bbox 487 2134 565 2200; x_wconf 81' lang='grc' dir='ltr'>ἀλλὰ</span> <span class='ocrx_word' id='word_1_119' title='bbox 587 2135 721 2218; x_wconf 80' lang='grc' dir='ltr'>λέγουσιν</span> <span class='ocrx_word' id='word_1_120' title='bbox 746 2134 874 2219; x_wconf 77' lang='grc' dir='ltr'>ἀληθέα,</span> <span class='ocrx_word' id='word_1_121' title='bbox 898 2132 966 2205; x_wconf 85' lang='grc' dir='ltr'>τοὺς</span> <span class='ocrx_word' id='word_1_122' title='bbox 988 2134 1018 2197; x_wconf 86' lang='grc' dir='ltr'>ἐν</span> <span class='ocrx_word' id='word_1_123' title='bbox 1040 2131 1130 2218; x_wconf 83' lang='grc' dir='ltr'>ἔρωτι</span> 
     </span>
     <span class='ocr_line' id='line_1_17' title="bbox 373 2238 1390 2340; baseline -0.002 -34"><span class='ocrx_word' id='word_1_124' title='bbox 373 2244 477 2328; x_wconf 79' lang='grc' dir='ltr'>ὅρκους</span> <span class='ocrx_word' id='word_1_125' title='bbox 501 2241 541 2327; x_wconf 78' lang='grc' dir='ltr'>μὴ</span> <span class='ocrx_word' id='word_1_126' title='bbox 566 2240 661 2304; x_wconf 79' lang='grc' dir='ltr'>δύνειν</span> <span class='ocrx_word' id='word_1_127' title='bbox 685 2239 768 2303; x_wconf 79' lang='grc' dir='ltr'>οὔατ’</span> <span class='ocrx_word' id='word_1_128' title='bbox 791 2240 821 2312; x_wconf 86' lang='grc' dir='ltr'>ἐς</span> <span class='ocrx_word' id='word_1_129' title='bbox 844 2238 1015 2320; x_wconf 79' lang='grc' dir='ltr'>ἀθανάτων,</span> <span class='ocrx_word' id='word_1_130' title='bbox 1389 2291 1390 2340; x_wconf 30' lang='grc'>1</span> 
     </span>
     <span class='ocr_line' id='line_1_18' title="bbox 242 2347 1390 2429; baseline -0.001 -13"><span class='ocrx_word' id='word_1_131' title='bbox 242 2350 292 2416; x_wconf 90' lang='lat' dir='ltr'>cui</span> <span class='ocrx_word' id='word_1_132' title='bbox 315 2349 494 2416; x_wconf 89' lang='lat' dir='ltr'>simillimus</span> <span class='ocrx_word' id='word_1_133' title='bbox 518 2353 569 2414; x_wconf 90' lang='lat' dir='ltr'>est</span> <span class='ocrx_word' id='word_1_134' title='bbox 591 2348 815 2413; x_wconf 85' lang='lat' dir='ltr'>Aristaenetus</span> <span class='ocrx_word' id='word_1_135' title='bbox 838 2347 931 2429; x_wconf 88' lang='lat' dir='ltr'>epist.</span> <span class='ocrx_word' id='word_1_136' title='bbox 947 2348 987 2413; x_wconf 82' lang='lat' dir='ltr'>-II</span> <span class='ocrx_word' id='word_1_137' title='bbox 1010 2351 1061 2427; x_wconf 83' lang='lat'>20,</span> <span class='ocrx_word' id='word_1_138' title='bbox 1096 2347 1136 2414; x_wconf 88' lang='lat' dir='ltr'>cl.</span> <span class='ocrx_word' id='word_1_139' title='bbox 1161 2348 1322 2416; x_wconf 87' lang='lat' dir='ltr'>Dioscori-</span> <span class='ocrx_word' id='word_1_140' title='bbox 1389 2367 1390 2402; x_wconf 73' lang='lat'><em>³</em></span> 
     </span>
     <span class='ocr_line' id='line_1_19' title="bbox 242 2453 629 2522; baseline -0.013 -1"><span class='ocrx_word' id='word_1_141' title='bbox 242 2455 314 2522; x_wconf 90' lang='lat' dir='ltr'>dem</span> <span class='ocrx_word' id='word_1_142' title='bbox 337 2454 424 2520; x_wconf 90' lang='lat' dir='ltr'>anth.</span> <span class='ocrx_word' id='word_1_143' title='bbox 447 2453 516 2519; x_wconf 90' lang='lat' dir='ltr'>Pal.</span> <span class='ocrx_word' id='word_1_144' title='bbox 540 2453 569 2519; x_wconf 89' lang='lat' dir='ltr'>V</span> <span class='ocrx_word' id='word_1_145' title='bbox 589 2456 629 2518; x_wconf 83' lang='lat'>52</span> 
     </span>
     <span class='ocr_line' id='line_1_20' title="bbox 327 2554 1203 2644; baseline 0 -23"><span class='ocrx_word' id='word_1_146' title='bbox 327 2559 393 2621; x_wconf 83' lang='grc' dir='ltr'>ἀλλ’</span> <span class='ocrx_word' id='word_1_147' title='bbox 416 2560 435 2643; x_wconf 79' lang='grc' dir='ltr'>ἡ</span> <span class='ocrx_word' id='word_1_148' title='bbox 460 2555 511 2642; x_wconf 81' lang='grc' dir='ltr'>μὲν</span> <span class='ocrx_word' id='word_1_149' title='bbox 536 2555 658 2644; x_wconf 77' lang='grc' dir='ltr'>ψευδὴς,</span> <span class='ocrx_word' id='word_1_150' title='bbox 683 2554 754 2619; x_wconf 81' lang='grc' dir='ltr'>κενὰ</span> <span class='ocrx_word' id='word_1_151' title='bbox 777 2557 803 2618; x_wconf 80' lang='grc' dir='ltr'>δ’</span> <span class='ocrx_word' id='word_1_152' title='bbox 821 2555 915 2640; x_wconf 74' lang='grc' dir='ltr'>ὅρκια,</span> <span class='ocrx_word' id='word_1_153' title='bbox 939 2561 981 2641; x_wconf 84' lang='grc' dir='ltr'>τῷ</span> <span class='ocrx_word' id='word_1_154' title='bbox 1005 2557 1031 2618; x_wconf 83' lang='grc' dir='ltr'>δ’</span> <span class='ocrx_word' id='word_1_155' title='bbox 1043 2556 1203 2644; x_wconf 75' lang='grc' dir='ltr'>ἐφυλάχθη</span> 
     </span>
     <span class='ocr_line' id='line_1_21' title="bbox 369 2661 1041 2750; baseline -0.001 -23"><span class='ocrx_word' id='word_1_156' title='bbox 369 2662 487 2750; x_wconf 84' lang='grc' dir='ltr'>ἵμερος·</span> <span class='ocrx_word' id='word_1_157' title='bbox 510 2665 529 2748; x_wconf 81' lang='grc' dir='ltr'><strong>ἡ</strong></span> <span class='ocrx_word' id='word_1_158' title='bbox 554 2661 587 2726; x_wconf 82' lang='grc' dir='ltr'>δὲ</span> <span class='ocrx_word' id='word_1_159' title='bbox 610 2663 689 2726; x_wconf 85' lang='grc' dir='ltr'>θεῶν</span> <span class='ocrx_word' id='word_1_160' title='bbox 713 2661 747 2725; x_wconf 81' lang='grc' dir='ltr'>οὐ</span> <span class='ocrx_word' id='word_1_161' title='bbox 771 2661 885 2748; x_wconf 77' lang='grc' dir='ltr'>φανερὴ</span> <span class='ocrx_word' id='word_1_162' title='bbox 910 2661 1041 2747; x_wconf 78' lang='grc' dir='ltr'>δύναμις,</span> 
     </span>
     <span class='ocr_line' id='line_1_22' title="bbox 242 2768 1273 2852; baseline 0 -17"><span class='ocrx_word' id='word_1_163' title='bbox 242 2769 376 2836; x_wconf 90' lang='lat' dir='ltr'>alterius</span> <span class='ocrx_word' id='word_1_164' title='bbox 398 2770 494 2852; x_wconf 88' lang='lat' dir='ltr'>paulo</span> <span class='ocrx_word' id='word_1_165' title='bbox 518 2787 615 2852; x_wconf 88' lang='lat' dir='ltr'>supra</span> <span class='ocrx_word' id='word_1_166' title='bbox 637 2768 806 2835; x_wconf 88' lang='lat' dir='ltr'>admodum</span> <span class='ocrx_word' id='word_1_167' title='bbox 828 2768 930 2836; x_wconf 90' lang='lat' dir='ltr'>multa</span> <span class='ocrx_word' id='word_1_168' title='bbox 952 2768 1097 2835; x_wconf 89' lang='lat' dir='ltr'>dedimus</span> <span class='ocrx_word' id='word_1_169' title='bbox 1120 2771 1273 2852; x_wconf 88' lang='lat' dir='ltr'>exempla.</span> 
     </span>
     <span class='ocr_line' id='line_1_23' title="bbox 328 2875 1321 2958; baseline 0.004 -18"><span class='ocrx_word' id='word_1_170' title='bbox 328 2875 483 2958; x_wconf 88' lang='lat' dir='ltr'>Denique,</span> <span class='ocrx_word' id='word_1_171' title='bbox 505 2880 542 2941; x_wconf 92' lang='lat' dir='ltr'>ut</span> <span class='ocrx_word' id='word_1_172' title='bbox 565 2876 771 2956; x_wconf 88' lang='lat' dir='ltr'>sententiam,</span> <span class='ocrx_word' id='word_1_173' title='bbox 795 2875 835 2942; x_wconf 88' lang='lat' dir='ltr'>de</span> <span class='ocrx_word' id='word_1_174' title='bbox 858 2895 920 2958; x_wconf 90' lang='lat' dir='ltr'>qua</span> <span class='ocrx_word' id='word_1_175' title='bbox 941 2875 1073 2957; x_wconf 83' lang='lat' dir='ltr'>agimus,</span> <span class='ocrx_word' id='word_1_176' title='bbox 1096 2875 1321 2944; x_wconf 86' lang='lat' dir='ltr'>Alexandrinis</span> 
     </span>
     <span class='ocr_line' id='line_1_24' title="bbox 241 2979 1391 3064; baseline 0.002 -18"><span class='ocrx_word' id='word_1_177' title='bbox 241 2981 345 3063; x_wconf 90' lang='lat' dir='ltr'>poetis</span> <span class='ocrx_word' id='word_1_178' title='bbox 375 2980 551 3061; x_wconf 81' lang='lat' dir='ltr'>vindicem,</span> <span class='ocrx_word' id='word_1_179' title='bbox 584 2985 691 3045; x_wconf 84' lang='lat' dir='ltr'>movet</span> <span class='ocrx_word' id='word_1_180' title='bbox 724 3000 774 3045; x_wconf 90' lang='lat' dir='ltr'>me</span> <span class='ocrx_word' id='word_1_181' title='bbox 803 2999 885 3046; x_wconf 91' lang='lat' dir='ltr'>unus</span> <span class='ocrx_word' id='word_1_182' title='bbox 916 2979 1083 3046; x_wconf 82' lang='lat' dir='ltr'>Claudiani</span> <span class='ocrx_word' id='word_1_183' title='bbox 1114 2980 1202 3048; x_wconf 90' lang='lat' dir='ltr'>locus</span> <span class='ocrx_word' id='word_1_184' title='bbox 1231 2988 1319 3064; x_wconf 87' lang='lat' dir='ltr'>nupt.</span> <span class='ocrx_word' id='word_1_185' title='bbox 1390 3045 1391 3060; x_wconf 63' lang='grc'>,</span> 
     </span>
     <span class='ocr_line' id='line_1_25' title="bbox 240 3085 707 3166; baseline -0.006 -14"><span class='ocrx_word' id='word_1_186' title='bbox 240 3085 359 3152; x_wconf 89' lang='lat' dir='ltr'>Honor.</span> <span class='ocrx_word' id='word_1_187' title='bbox 384 3089 417 3150; x_wconf 89' lang='lat' dir='ltr'>et</span> <span class='ocrx_word' id='word_1_188' title='bbox 439 3085 519 3151; x_wconf 86' lang='lat' dir='ltr'>Mar.</span> <span class='ocrx_word' id='word_1_189' title='bbox 543 3105 571 3150; x_wconf 92' lang='grc' dir='ltr'>ν.</span> <span class='ocrx_word' id='word_1_190' title='bbox 596 3089 636 3149; x_wconf 78' lang='lat'>82</span> <span class='ocrx_word' id='word_1_191' title='bbox 660 3104 707 3166; x_wconf 87' lang='lat' dir='ltr'>sq.</span> 
     </span>
     <span class='ocr_line' id='line_1_26' title="bbox 326 3188 1099 3272; baseline 0.003 -18"><span class='ocrx_word' id='word_1_192' title='bbox 326 3188 517 3271; x_wconf 89' lang='lat' dir='ltr'>iucundique</span> <span class='ocrx_word' id='word_1_193' title='bbox 539 3189 646 3255; x_wconf 92' lang='lat' dir='ltr'>Metus</span> <span class='ocrx_word' id='word_1_194' title='bbox 668 3194 702 3254; x_wconf 91' lang='lat' dir='ltr'>et</span> <span class='ocrx_word' id='word_1_195' title='bbox 723 3208 787 3254; x_wconf 94' lang='lat' dir='ltr'>non</span> <span class='ocrx_word' id='word_1_196' title='bbox 808 3208 922 3256; x_wconf 89' lang='lat' dir='ltr'>secura</span> <span class='ocrx_word' id='word_1_197' title='bbox 942 3189 1099 3272; x_wconf 87' lang='lat' dir='ltr'>Voluptas</span> 
     </span>
     <span class='ocr_line' id='line_1_27' title="bbox 327 3293 1086 3375; baseline 0.001 -15"><span class='ocrx_word' id='word_1_198' title='bbox 327 3300 360 3360; x_wconf 90' lang='lat' dir='ltr'>et</span> <span class='ocrx_word' id='word_1_199' title='bbox 383 3294 503 3361; x_wconf 86' lang='lat' dir='ltr'>lasciva</span> <span class='ocrx_word' id='word_1_200' title='bbox 525 3295 634 3361; x_wconf 86' lang='lat' dir='ltr'>volant</span> <span class='ocrx_word' id='word_1_201' title='bbox 655 3293 778 3361; x_wconf 87' lang='lat' dir='ltr'>levibus</span> <span class='ocrx_word' id='word_1_202' title='bbox 801 3295 946 3362; x_wconf 88' lang='lat' dir='ltr'>Periuria</span> <span class='ocrx_word' id='word_1_203' title='bbox 967 3296 1086 3375; x_wconf 89' lang='lat' dir='ltr'>ventis,</span> 
     </span>
     <span class='ocr_line' id='line_1_28' title="bbox 241 3400 1321 3485; baseline 0.001 -18"><span class='ocrx_word' id='word_1_204' title='bbox 241 3401 311 3485; x_wconf 91' lang='lat' dir='ltr'>qui,</span> <span class='ocrx_word' id='word_1_205' title='bbox 336 3400 420 3484; x_wconf 88' lang='lat' dir='ltr'>quod</span> <span class='ocrx_word' id='word_1_206' title='bbox 442 3400 635 3466; x_wconf 87' lang='lat' dir='ltr'>sententiam</span> <span class='ocrx_word' id='word_1_207' title='bbox 658 3401 791 3481; x_wconf 90' lang='lat' dir='ltr'>attinet,</span> <span class='ocrx_word' id='word_1_208' title='bbox 814 3401 909 3482; x_wconf 87' lang='lat' dir='ltr'>plane</span> <span class='ocrx_word' id='word_1_209' title='bbox 932 3419 1002 3467; x_wconf 92' lang='lat' dir='ltr'>cum</span> <span class='ocrx_word' id='word_1_210' title='bbox 1025 3400 1161 3481; x_wconf 86' lang='lat' dir='ltr'>Tibullo,</span> <span class='ocrx_word' id='word_1_211' title='bbox 1184 3402 1321 3484; x_wconf 90' lang='lat' dir='ltr'>Proper-</span> 
     </span>
     <span class='ocr_line' id='line_1_29' title="bbox 241 3504 1320 3588; baseline 0.001 -15"><span class='ocrx_word' id='word_1_212' title='bbox 241 3508 297 3588; x_wconf 88' lang='lat' dir='ltr'>tio,</span> <span class='ocrx_word' id='word_1_213' title='bbox 321 3505 435 3572; x_wconf 82' lang='lat' dir='ltr'>Ouidio</span> <span class='ocrx_word' id='word_1_214' title='bbox 458 3506 627 3586; x_wconf 87' lang='lat' dir='ltr'>consentit,</span> <span class='ocrx_word' id='word_1_215' title='bbox 650 3504 819 3572; x_wconf 89' lang='lat' dir='ltr'>verborum</span> <span class='ocrx_word' id='word_1_216' title='bbox 841 3525 917 3571; x_wconf 89' lang='lat' dir='ltr'>vero</span> <span class='ocrx_word' id='word_1_217' title='bbox 939 3507 1038 3572; x_wconf 90' lang='lat' dir='ltr'>talem</span> <span class='ocrx_word' id='word_1_218' title='bbox 1056 3504 1185 3572; x_wconf 89' lang='lat' dir='ltr'>exhibet</span> <span class='ocrx_word' id='word_1_219' title='bbox 1200 3506 1320 3574; x_wconf 87' lang='lat' dir='ltr'>disere·</span> 
     </span>
     <span class='ocr_line' id='line_1_30' title="bbox 242 3609 1320 3696; baseline 0.001 -18"><span class='ocrx_word' id='word_1_220' title='bbox 242 3612 395 3696; x_wconf 87' lang='lat' dir='ltr'>pantiam,</span> <span class='ocrx_word' id='word_1_221' title='bbox 417 3615 454 3677; x_wconf 88' lang='lat' dir='ltr'>ut</span> <span class='ocrx_word' id='word_1_222' title='bbox 472 3609 667 3677; x_wconf 81' lang='lat' dir='ltr'>Claudianus</span> <span class='ocrx_word' id='word_1_223' title='bbox 690 3629 753 3676; x_wconf 90' lang='lat' dir='ltr'>non</span> <span class='ocrx_word' id='word_1_224' title='bbox 766 3611 909 3691; x_wconf 85' lang='lat' dir='ltr'>Latinos,</span> <span class='ocrx_word' id='word_1_225' title='bbox 933 3612 987 3694; x_wconf 90' lang='lat' dir='ltr'>qui</span> <span class='ocrx_word' id='word_1_226' title='bbox 1010 3616 1084 3677; x_wconf 92' lang='lat' dir='ltr'>ante</span> <span class='ocrx_word' id='word_1_227' title='bbox 1107 3612 1216 3678; x_wconf 89' lang='lat' dir='ltr'>oculos</span> <span class='ocrx_word' id='word_1_228' title='bbox 1235 3619 1320 3694; x_wconf 86' lang='lat' dir='ltr'>sunt,</span> 
     </span>
     <span class='ocr_line' id='line_1_31' title="bbox 241 3715 1323 3800; baseline 0.002 -17"><span class='ocrx_word' id='word_1_229' title='bbox 241 3717 299 3785; x_wconf 88' lang='lat' dir='ltr'>sed</span> <span class='ocrx_word' id='word_1_230' title='bbox 320 3733 408 3782; x_wconf 92' lang='lat' dir='ltr'>more</span> <span class='ocrx_word' id='word_1_231' title='bbox 431 3734 488 3782; x_wconf 87' lang='lat' dir='ltr'>suo</span> <span class='ocrx_word' id='word_1_232' title='bbox 511 3715 759 3782; x_wconf 86' lang='lat' dir='ltr'>Alexandrinum</span> <span class='ocrx_word' id='word_1_233' title='bbox 782 3715 940 3798; x_wconf 90' lang='lat' dir='ltr'>quendam</span> <span class='ocrx_word' id='word_1_234' title='bbox 966 3721 1094 3799; x_wconf 88' lang='lat' dir='ltr'>poetam</span> <span class='ocrx_word' id='word_1_235' title='bbox 1116 3717 1168 3783; x_wconf 93' lang='lat' dir='ltr'>hic</span> <span class='ocrx_word' id='word_1_236' title='bbox 1190 3737 1323 3800; x_wconf 88' lang='lat' dir='ltr'>expres·</span> 
     </span>
     <span class='ocr_line' id='line_1_32' title="bbox 239 3819 535 3906; baseline -0.014 -16"><span class='ocrx_word' id='word_1_237' title='bbox 239 3824 321 3891; x_wconf 87' lang='lat' dir='ltr'>sisse</span> <span class='ocrx_word' id='word_1_238' title='bbox 343 3821 491 3888; x_wconf 89' lang='lat' dir='ltr'>videatur</span> <span class='ocrx_word' id='word_1_239' title='bbox 500 3819 535 3906; x_wconf 80' lang='lat'>³).</span> 
     </span>
     <span class='ocr_line' id='line_1_33' title="bbox 327 3925 1321 4012; baseline 0.005 -20"><span class='ocrx_word' id='word_1_240' title='bbox 327 3925 458 3995; x_wconf 89' lang='lat' dir='ltr'>Talibus</span> <span class='ocrx_word' id='word_1_241' title='bbox 487 3927 521 3992; x_wconf 92' lang='lat' dir='ltr'>in</span> <span class='ocrx_word' id='word_1_242' title='bbox 550 3927 707 4011; x_wconf 85' lang='lat' dir='ltr'>angustiis</span> <span class='ocrx_word' id='word_1_243' title='bbox 736 3945 806 3995; x_wconf 89' lang='lat' dir='ltr'>cum</span> <span class='ocrx_word' id='word_1_244' title='bbox 838 3946 941 4011; x_wconf 90' lang='lat' dir='ltr'>neque</span> <span class='ocrx_word' id='word_1_245' title='bbox 973 3948 992 3995; x_wconf 89' lang='lat' dir='ltr'>a</span> <span class='ocrx_word' id='word_1_246' title='bbox 1019 3926 1159 4010; x_wconf 87' lang='lat' dir='ltr'>perfidae</span> <span class='ocrx_word' id='word_1_247' title='bbox 1192 3929 1321 4012; x_wconf 87' lang='lat' dir='ltr'>puellae</span> 
     </span>
    </p>
   </div>
   <div class='ocr_carea' id='block_1_6' title="bbox 241 4115 1320 4456">
    <p class='ocr_par' dir='ltr' id='par_1_8' title="bbox 241 4115 1320 4277">
     <span class='ocr_line' id='line_1_34' title="bbox 313 4115 1320 4188; baseline 0.009 -18"><span class='ocrx_word' id='word_1_248' title='bbox 313 4117 340 4188; x_wconf 91' lang='lat'>1)</span> <span class='ocrx_word' id='word_1_249' title='bbox 359 4116 513 4185; x_wconf 85' lang='lat' dir='ltr'>explicatur</span> <span class='ocrx_word' id='word_1_250' title='bbox 540 4115 725 4184; x_wconf 87' lang='lat' dir='ltr'>exemplisque</span> <span class='ocrx_word' id='word_1_251' title='bbox 751 4116 907 4172; x_wconf 85' lang='lat' dir='ltr'>illustratur</span> <span class='ocrx_word' id='word_1_252' title='bbox 931 4117 1000 4173; x_wconf 85' lang='lat' dir='ltr'>haec</span> <span class='ocrx_word' id='word_1_253' title='bbox 1024 4121 1099 4177; x_wconf 85' lang='lat' dir='ltr'>notio</span> <span class='ocrx_word' id='word_1_254' title='bbox 1124 4121 1159 4178; x_wconf 89' lang='lat' dir='ltr'>ab</span> <span class='ocrx_word' id='word_1_255' title='bbox 1177 4121 1320 4180; x_wconf 87' lang='lat' dir='ltr'>Huschkio</span> 
     </span>
     <span class='ocr_line' id='line_1_35' title="bbox 241 4205 1141 4277; baseline 0.001 -16"><span class='ocrx_word' id='word_1_256' title='bbox 241 4206 312 4261; x_wconf 83' lang='lat' dir='ltr'>anal.</span> <span class='ocrx_word' id='word_1_257' title='bbox 330 4207 390 4262; x_wconf 89' lang='lat' dir='ltr'>orit.</span> <span class='ocrx_word' id='word_1_258' title='bbox 410 4222 436 4274; x_wconf 87' lang='lat' dir='ltr'>p.</span> <span class='ocrx_word' id='word_1_259' title='bbox 456 4208 490 4259; x_wconf 81' lang='lat'>63</span> <span class='ocrx_word' id='word_1_260' title='bbox 512 4222 560 4275; x_wconf 77' lang='lat' dir='ltr'>sq,</span> <span class='ocrx_word' id='word_1_261' title='bbox 583 4205 731 4261; x_wconf 86' lang='lat' dir='ltr'>Leutschio</span> <span class='ocrx_word' id='word_1_262' title='bbox 750 4221 868 4274; x_wconf 84' lang='lat' dir='ltr'>paroem.</span> <span class='ocrx_word' id='word_1_263' title='bbox 889 4205 935 4262; x_wconf 85' lang='lat' dir='ltr'>Gr.</span> <span class='ocrx_word' id='word_1_264' title='bbox 953 4209 966 4262; x_wconf 97' lang='lat' dir='ltr'>I</span> <span class='ocrx_word' id='word_1_265' title='bbox 984 4225 1010 4277; x_wconf 87' lang='lat' dir='ltr'>p.</span> <span class='ocrx_word' id='word_1_266' title='bbox 1029 4211 1088 4264; x_wconf 84' lang='lat'>344.</span> <span class='ocrx_word' id='word_1_267' title='bbox 1111 4243 1141 4252; x_wconf 79' lang='lat'>-</span> 
     </span>
    </p>

    <p class='ocr_par' dir='ltr' id='par_1_9' title="bbox 310 4294 618 4366">
     <span class='ocr_line' id='line_1_36' title="bbox 310 4294 618 4366; baseline 0.006 -18"><span class='ocrx_word' id='word_1_268' title='bbox 310 4295 339 4366; x_wconf 88' lang='lat'>2)</span> <span class='ocrx_word' id='word_1_269' title='bbox 358 4294 391 4349; x_wconf 83' lang='lat' dir='ltr'>cl.</span> <span class='ocrx_word' id='word_1_270' title='bbox 411 4295 540 4350; x_wconf 87' lang='lat' dir='ltr'>Huschke</span> <span class='ocrx_word' id='word_1_271' title='bbox 559 4297 576 4350; x_wconf 94' lang='lat' dir='ltr'>l.</span> <span class='ocrx_word' id='word_1_272' title='bbox 597 4311 618 4350; x_wconf 92' lang='lat' dir='ltr'>c.</span> 
     </span>
    </p>

    <p class='ocr_par' dir='ltr' id='par_1_10' title="bbox 310 4383 1165 4456">
     <span class='ocr_line' id='line_1_37' title="bbox 310 4383 1165 4456; baseline 0.004 -17"><span class='ocrx_word' id='word_1_273' title='bbox 310 4385 339 4456; x_wconf 87' lang='lat'>3)</span> <span class='ocrx_word' id='word_1_274' title='bbox 359 4384 466 4440; x_wconf 87' lang='lat' dir='ltr'>eosdem</span> <span class='ocrx_word' id='word_1_275' title='bbox 485 4384 613 4455; x_wconf 86' lang='lat' dir='ltr'>respexit,</span> <span class='ocrx_word' id='word_1_276' title='bbox 634 4385 663 4440; x_wconf 91' lang='lat' dir='ltr'>ui</span> <span class='ocrx_word' id='word_1_277' title='bbox 681 4383 772 4454; x_wconf 81' lang='lat' dir='ltr'>tollor,</span> <span class='ocrx_word' id='word_1_278' title='bbox 791 4384 904 4443; x_wconf 88' lang='lat' dir='ltr'>Nounus</span> <span class='ocrx_word' id='word_1_279' title='bbox 923 4385 1002 4443; x_wconf 89' lang='lat' dir='ltr'>Dion.</span> <span class='ocrx_word' id='word_1_280' title='bbox 1022 4386 1087 4442; x_wconf 90' lang='lat' dir='ltr'>VIII</span> <span class='ocrx_word' id='word_1_281' title='bbox 1107 4391 1165 4442; x_wconf 75' lang='lat'>123.</span> 
     </span>
    </p>
   </div>
   <div class='ocr_carea' id='block_1_7' title="bbox 0 0 1411 4808">
    <p class='ocr_par' dir='ltr' id='par_1_11' title="bbox 0 0 1411 4808">
     <span class='ocr_line' id='line_1_38' title="bbox 0 0 1411 4808; baseline 0 0"><span class='ocrx_word' id='word_1_282' title='bbox 0 0 1411 4808; x_wconf 95' lang='lat' dir='ltr'> </span> 
     </span>
    </p>
   </div>
  </div>
 </body>
</html>
