2806 4808
722 327 869 389 56·

159 546 162 552 -
201 503 282 567 tium
314 501 371 566 Ι3
404 518 475 566 000
501 499 602 564 Paulo
631 495 674 562 ib.
705 502 784 577 2753
816 497 1019 579 Propertium
1049 497 1097 562 ΠΙ
1122 502 1159 563 15
1191 498 1298 580 (01.1

206 612 245 672 10
268 611 301 670 01
327 605 379 688 13)
402 623 474 670 000
496 604 595 668 Panlo
618 600 660 667 ib.
686 607 746 668 252
771 608 805 669 et
828 608 908 682 255;
949 601 1152 684 Propertium
1174 603 1224 667 ΠΙ
1252 608 1298 668 30

202 729 273 776 cum
297 711 398 774 Paulo
420 707 462 773 ib.
487 713 559 774 301.
584 706 623 773 cf.
647 706 898 792 Hertzbergium
922 707 957 784 Q.
982 707 1016 771 P.
1042 727 1072 789 p,
1099 707 1162 772 230
1173 705 1216 790 ¹),
1245 706 1297 775 ita

200 821 237 882 ut
259 813 354 880 facile
377 814 532 897 colligas,
564 813 649 878 0000
673 817 786 878 exorta
807 813 850 878 sit
874 831 913 878 00
935 811 1130 878 similitudo:
1155 830 1200 877 ex
1227 831 1295 878 ve-

202 915 453 986 terioribus
489 917 600 982 enim
623 917 862 998 Propertio
886 917 1065 984 Graecis
1096 918 1294 983 auctori·

202 1023 276 1089 bus
300 1022 533 1104 desumpsit
556 1022 668 1087 talia
691 1028 936 1107 argumenta
958 1028 1134 1104 uterque
1151 1028 1293 1104 poeta.

286 1128 369 1194 Nam
388 1127 621 1192 Alexandrinos
639 1132 754 1208 poetas
779 1144 842 1192 non
864 1127 967 1192 solum
990 1132 1083 1192 notos
1106 1126 1204 1192 fuisse
1223 1128 1293 1209 By-

200 1233 337 1300 zantinis
360 1233 424 1297 illis
444 1233 527 1298 sexti
550 1232 671 1297 saeculi
694 1230 915 1314 scriptoribus
938 1231 1113 1298 sedetiam
1128 1231 1293 1296 imitando

199 1355 369 1419 expressos
392 1341 489 1417 atque
505 1335 660 1417 spoliatos
685 1334 754 1400 fere
778 1353 860 1417 esse,
883 1354 976 1401 nemo
1000 1341 1051 1401 est
1074 1336 1127 1417 qui
1148 1337 1292 1402 nesciat.

199 1443 260 1520 Qui
282 1440 377 1507 modo
400 1441 504 1523 ipsum
524 1440 755 1506 Callimachum
778 1440 909 1521 eiusque
933 1441 1086 1521 aequales
1109 1445 1184 1506 ante
1206 1459 1290 1506 ocu·
1337 1497 1339 1501 ,

197 1549 245 1614 100
270 1545 434 1613 habebant
455 1583 498 1594 -
520 1546 554 1611 id
578 1546 663 1627 quod
686 1544 818 1612 vocibus
841 1545 1067 1612 Callimacheis
1090 1547 1228 1612 maxime
1254 1547 1291 1612 in

197 1653 369 1737 Agathiae,
392 1652 485 1717 Pauli
508 1652 612 1734 amici,
636 1649 830 1716 carminibus
852 1651 1018 1735 indagatis
1041 1651 1289 1717 demonstrave-

195 1763 270 1822 runt
292 1755 415 1837 Naeke,
438 1755 578 1838 Dilthey‚
603 1754 779 1821 Schneider
802 1791 854 1838 —,
876 1754 972 1822 modo
995 1755 1193 1837 interpositis
1215 1775 1288 1822 uno

195 1861 247 1927 vel
279 1857 495 1942 compluribus
538 1860 806 1944 epigrammatum
848 1857 1060 1941 scriptoribus
1093 1859 1289 1927 circuitione

196 1970 293 2046 atque
315 1983 375 2047 per
397 1964 554 2051 ambages
577 1983 616 2030 ex
637 1963 863 2030 Alexandrinis
886 1963 1080 2046 pendebant.

281 2069 393 2151 Neque
424 2070 509 2135 enim
531 2106 574 2117 ·-
597 2069 682 2150 quod
714 2087 829 2134 novum
859 2069 937 2134 mihi
960 2069 1185 2135 documentum
1207 2087 1288 2137 esse

194 2175 340 2258 videtur,
365 2193 461 2256 quam
483 2174 565 2240 falso
588 2172 780 2255 Jacobsius,
803 2173 1056 2258 Hertzbergius,
1087 2173 1288 2260 HuschkiuS,

195 2280 296 2346 ceteri
318 2279 380 2344 viri
403 2278 490 2344 docti
512 2278 552 2343 de
577 2279 637 2344 hac
660 2278 786 2344 ratione
810 2278 1024 2344 iudicaverint
1047 2315 1090 2326 -
1112 2279 1177 2345 ullo
1198 2284 1287 2346 tem-

193 2403 271 2468 pore
300 2402 401 2465 usque
434 2383 476 2449 ad
510 2386 636 2448 sextum
667 2382 830 2448 saeculum
867 2402 905 2448 ex
927 2384 1153 2450 Alexandrinis
1174 2387 1288 2466 poetis

192 2487 287 2554 fiores
310 2488 480 2569 decerptos
516 2487 659 2569 ipsorum
687 2487 882 2554 carminibus
912 2489 1056 2555 inserere
1088 2489 1287 2559 desinebant

191 2597 308 2674 poetae
332 2590 468 2656 Graeci:
502 2608 565 2654 non
597 2590 693 2654 modo
721 2591 928 2677 anthologiae
951 2592 1119 2659 Palatinae
1152 2601 1285 2680 poetae,

192 2695 251 2762 sed
274 2695 372 2761 etiam
393 2694 544 2776 Nonnus,
578 2695 745 2777 Musaeus,
776 2696 1021 2778 Aristaenetus,
1051 2698 1282 2785 Philostratus,

191 2800 305 2866 erotici
337 2799 391 2881 qui
421 2799 571 2865 dicuntur
593 2799 789 2882 scriptores,
820 2801 874 2882 qui
903 2820 1060 2883 nusquam
1091 2803 1285 2872 Latinorum

190 2910 360 2988 poetarum
391 2905 513 2989 elegias
549 2902 777 2986 imitabantur,
810 2904 1098 2972 Alexandrinorum
1140 2909 1282 2994 vestigia

189 3007 391 3092 premebant,
415 3013 471 3075 aut
493 3009 556 3090 ipsi
580 3008 621 3074 ad
645 3008 734 3073 illum
757 3007 849 3094 large
872 3014 1053 3076 scatentem
1076 3011 1197 3078 fontem
1219 3033 1281 3081 ora

189 3113 396 3180 admoventes
429 3119 501 3197 aut,
537 3113 588 3179 vel
619 3113 845 3196 remotissimi,
876 3133 935 3196 per
972 3134 1086 3182 manus
1119 3117 1278 3186 traditam

189 3236 314 3302 aquam·
329 3218 525 3284 haurientes.
573 3218 664 3296 Quod
695 3218 769 3299 quia
802 3237 895 3284 nemo
929 3219 962 3284 in
994 3219 1125 3287 dubium
1159 3243 1278 3291 vocare

188 3328 313 3407 potest,
344 3321 431 3388 haud
454 3320 536 3388 bene
567 3323 786 3407 intellegitur,
821 3342 877 3388 cur
900 3342 958 3390 suo
989 3325 1124 3394 arbitrio
1146 3328 1193 3393 illi
1215 3329 1278 3396 viri

192 3428 280 3496 docti
317 3427 465 3494 continuo
495 3428 554 3493 hoc
586 3427 772 3494 traditionis
806 3428 918 3495 ordine
953 3430 1134 3514 interrupto
1156 3433 1276 3501 indea

187 3533 279 3600 Pauli
312 3531 487 3599 Silentiarii
516 3538 661 3615 tempore
694 3551 755 3597 non
789 3533 948 3619 Graecos,
984 3554 1118 3618 quorum
1149 3537 1275 3605 facilior

188 3637 235 3706 eis
259 3644 331 3705 erat
349 3637 468 3719 aditus,
492 3637 551 3703 sed
567 3637 701 3704 Latinos
725 3643 874 3705 auctores
897 3645 1027 3708 secutos
1043 3640 1144 3709 fuisse
1160 3649 1274 3726 poetas

186 3742 381 3826 Byzantinos
404 3743 603 3828 censuerint,
628 3761 699 3809 cunr
727 3744 840 3810 eodem
862 3744 931 3810 iure
955 3745 1035 3812 alios
1059 3764 1183 3829 quoque
1207 3749 1272 3832 epi-

185 3852 401 3933 grammatum
424 3848 616 3932 scriptores,
640 3849 781 3931 itemque
804 3847 960 3932 Nonnum,
984 3850 1161 3936 Musaeum,
1185 3859 1272 3920 cete·

257 4015 282 4086 l)
301 4015 376 4071 facili
412 4016 537 4086 negotio,
568 4033 636 4087 quas
667 4024 812 4087 praeterea
847 4018 942 4089 affert,
975 4021 1167 4080 similitudines
1204 4026 1272 4084 locis

185 4105 242 4161 tore
262 4105 396 4162 contineri
422 4107 607 4162 communibus
626 4107 744 4163 omnium
763 4106 820 4164 fere
838 4115 983 4179 poetarum
1004 4113 1198 4170 amatoriorum
1227 4115 1271 4172 de·
1373 4141 1374 4150 ¹

186 4201 339 4252 monstrare
358 4196 470 4265 poteris.
508 4196 676 4255 Gravissima
695 4213 818 4268 quaeque
836 4199 863 4256 in
885 4199 1072 4270 disputatione
1090 4220 1150 4262 maa
1169 4211 1270 4263 tracta·
1373 4243 1374 4250 ,

182 4285 255 4344 visse
277 4285 343 4342 mihi
364 4285 465 4343 videor.
