2806 4808
735 367 774 426 12

212 531 266 611 qui
289 531 438 598 15551115
461 552 496 599 se
519 554 539 599 a
561 533 662 600 Musis
685 534 832 601 edoctum
858 532 963 612 finxit,
999 533 1089 600 cuins
1118 533 1166 598 rei
1197 532 1294 599 testi-

212 635 318 700 monia
345 637 480 718 praebet
503 639 678 704 Schneider
701 639 781 706 Call.
804 640 836 704 H
862 659 892 720 p.
919 643 958 704 36
980 658 1068 721 sqq.;
1098 637 1137 704 cl.
1161 639 1297 722 Dilthey

212 739 289 821 Cyd.
311 760 342 824 p.
370 747 419 805 15.
465 742 567 819 Quam
588 762 656 808 rem
685 741 823 808 libenter
851 742 970 808 imitati
994 747 1069 808 sunt
1091 748 1206 824 poetae
1229 743 1295 808 La-

211 844 289 908 tini:
329 845 483 911 Horatius
514 847 563 912 od.
587 848 633 912 IV
658 852 695 911 15
732 867 751 913 a
778 845 906 912 Phoebo
939 866 973 913 se
1004 865 1075 912 esse
1105 846 1296 928 impeditum

211 949 267 1028 ait,
291 968 352 1030 quo
375 951 478 1016 miuus
502 952 643 1016 carmina
665 951 755 1032 epica
770 951 940 1030 conderet;
964 949 1005 1016 ab
1020 953 1137 1016 Amore
1150 950 1296 1032 Ovidius,

210 1057 248 1117 ut
270 1053 445 1134 elegiacum
469 1073 597 1120 carmen
618 1060 784 1137 pangeret,
823 1060 953 1122 coactus
975 1060 1027 1120 est
1059 1056 1134 1138 (am.
1157 1057 1173 1121 I
1198 1061 1232 1135 13
1262 1056 1297 1121 II

215 1157 285 1240 18);
322 1176 392 1222 cum
414 1159 540 1223 Venere
570 1160 655 1224 idem
684 1159 723 1224 de
753 1157 914 1225 scribendi
944 1178 1061 1242 genere
1093 1160 1297 1241 conloquitur

211 1261 285 1328 fast.
309 1263 354 1327 IV
377 1263 419 1326 in.
447 1267 480 1327 et
510 1268 569 1328 art.
593 1263 758 1348 111441);
791 1264 978 1329 nominaIIm
1013 1264 1149 1345 denique
1180 1263 1297 1329 Hesio-

211 1365 284 1430 dum
324 1372 451 1447 spectat
483 1367 616 1433 Ovidius
645 1367 719 1434 fast.
743 1369 788 1433 VI
813 1374 851 1433 13
874 1387 942 1450 sqq.
974 1373 1008 1433 et
1037 1373 1098 1434 art.
1121 1369 1137 1433 Ι
1161 1372 1201 1432 27
1225 1387 1297 1450 sqq.

211 1469 281 1535 Huc
304 1468 385 1535 bene
409 1471 554 1538 conferas
578 1473 672 1553 Verg.
696 1473 754 1538 ecl.
778 1473 824 1538 VI
848 1477 931 1538 3-5

297 1593 368 1639 cum
391 1594 540 1640 canerem
562 1595 655 1657 reges
678 1582 711 1641 et
732 1577 866 1658 proelia,
890 1576 1045 1659 Cynthius
1069 1595 1178 1642 aurem

297 1679 388 1743 vellit
410 1685 443 1744 et
465 1680 645 1746 admonuit:
669 1686 847 1762 pastorem,
869 1681 993 1762 Tityre,
1017 1681 1144 1762 pinguis

296 1802 430 1864 pascere
454 1789 583 1865 oportet
606 1803 691 1864 oves,
715 1785 887 1850 deductum
910 1783 1018 1849 dicere
1041 1803 1169 1850 carmen

212 1893 246 1953 et
268 1889 364 1954 Mart.
387 1888 465 1953 VIII
489 1893 517 1968 3,
541 1889 677 1953 manIme
700 1909 728 1953 v.
755 1894 773 1952 9
797 1907 866 1970 sqq.

296 1991 451 2072 finieram,
476 2011 546 2058 cunr
567 1993 613 2058 sic
636 1993 804 2074 respondit
826 2011 910 2058 nona
932 2011 1088 2072 sororum,

340 2097 391 2163 cui
414 2115 505 2163 coma
527 2102 561 2162 et
582 2103 743 2180 unguento
767 2097 898 2164 sordida
920 2097 1020 2163 vestis
1043 2101 1133 2164 erat:

296 2206 372 2267 tune
395 2207 489 2282 potes
512 2202 632 2280 dulces,
656 2203 793 2284 ingrate,
816 2202 998 2284 relinquero
1021 2202 1149 2284 nugas?

343 2305 394 2372 dic
415 2306 503 2386 mihi,
528 2306 603 2388 quid
626 2307 741 2372 mellus
764 2307 944 2374 desidiosus
968 2314 1066 2388 ages?

211 2409 274 2475 Sed
307 2411 480 2491 praecipue
512 2411 729 2492 comparanda
765 2416 817 2476 est
853 2411 956 2492 elegia
985 2410 1079 2491 Prop.
1104 2410 1191 2476 IV3
1225 2429 1298 2476 cum

212 2515 399 2581 Callimachi
413 2514 573 2597 figmento,
598 2515 714 2597 quippe
729 2515 803 2596 quia
820 2515 904 2596 apud
921 2519 1092 2596 utrumque
1111 2517 1297 2580 somnIan-

211 2619 319 2702 tem2)
350 2625 480 2701 poetam
503 2639 522 2685 a
545 2619 614 2685 deis
638 2619 678 2684 ad
702 2619 879 2684 canendum
902 2638 973 2684 csse
996 2618 1226 2686 inflammatum
1250 2621 1297 2685 lc-

209 2731 312 2807 gatur.
359 2724 406 2790 Cf.
432 2725 511 2790 Hor.
533 2729 594 2790 sat.
619 2723 634 2788 Ι
661 2729 709 2802 10,
735 2728 774 2788 32
799 2742 846 2804 sq.

592 2829 695 2894 vetuit
716 2847 767 2893 me
789 2828 849 2894 tali
870 2845 947 2894 voce
971 2827 1122 2922 Quirinus

295 2939 370 3016 post
391 2933 530 3006 mediam
552 2937 680 2999 noctem
702 2934 800 3012 visus,
824 2951 894 2998 cum
917 2932 1041 2998 somnia
1061 2951 1139 2998 vera

212 3042 245 3104 at
269 3038 325 3104 Ov.
349 3057 427 3104 rem.
453 3044 514 3104 555
535 3057 582 3119 sq.

297 3143 326 3208 is
348 3143 426 3208 mihi
449 3143 494 3209 sic
517 3141 598 3208 dirut
621 3179 662 3189 —
686 3139 812 3220 dubito,
840 3158 977 3207 verusne
1001 3139 1124 3223 Cupido

342 3267 383 3313 an
406 3266 535 3314 somnus
558 3246 666 3327 fuerit,
690 3246 747 3312 sed
770 3250 859 3327 puto,
882 3265 1011 3312 somnus
1034 3249 1114 3311 erat.

210 3352 333 3418 Eodem
372 3357 499 3433 spectat
531 3351 687 3434 Lygdami
729 3349 851 3430 elegiae
891 3355 1026 3432 quartae
1064 3352 1295 3432 argumentum.

287 3523 313 3592 1)
333 3522 435 3577 talibus
465 3520 599 3576 fastorum
625 3509 693 3576 locis
719 3521 886 3576 imitatorem
909 3521 1069 3576 Callimachi
1096 3535 1156 3576 esse
1175 3519 1299 3575 Ovidium

213 3611 346 3680 suspicati
373 3616 435 3666 sunt
454 3610 555 3665 Jacobs
574 3609 609 3664 a'd
628 3610 703 3664 anth.
722 3610 913 3680 Pa1.V1142;
941 3609 1050 3664 Hecker
1069 3615 1209 3664 comment.
1228 3611 1298 3678 crit,

216 3703 293 3768 1843,
312 3717 339 3769 p.
360 3703 425 3768 1813
444 3699 541 3755 Rohde
558 3699 636 3754 Rom.
652 3716 680 3768 p.
700 3702 779 3754 8611.
799 3703 823 3753 2.
860 3699 921 3754 Huc
940 3698 1059 3767 pertinet
1078 3699 1182 3755 Callim.
1201 3698 1298 3754 lasne

212 3787 328 3861 Μούσῃσι
345 3791 392 3861 γὰρ
410 3787 490 3862 ἦλθον
510 3788 624 3860 ἐσόβδην.
656 3789 851 3843 Callimachum
870 3803 985 3856 quoque,
1004 3789 1075 3844 sicut
1096 3787 1234 3856 Ovidium,
1252 3788 1300 3843 ad·

212 3880 349 3934 monuisse
371 3879 404 3932 de
425 3878 556 3946 Hesiodo,
581 3878 739 3933 existimant
757 3877 906 3933 Schneider
925 3877 993 3931 Call.
1012 3878 1040 3931 H
1056 3894 1083 3946 p.
1103 3879 1170 3947 764;
1201 3876 1299 3932 Rohde

212 3969 290 4024 Rom.
309 3984 336 4036 p.
349 3970 384 4021 86
402 3983 428 4020 n.
443 3970 465 4019 1.
504 3965 654 4035 Cf.‘Bergk
672 3967 726 4021 Lit.
747 3966 843 4021 Graec.
862 3967 875 4019 I
894 3982 920 4034 p.
935 3969 987 4020 979
1005 3982 1031 4019 n.
1045 3969 1080 4020 28
1101 3967 1159 4036 „als
1177 3965 1298 4022 Erzaeh-

213 4058 278 4126 lung
297 4059 371 4112 eines
390 4055 521 4110 Tranmes
540 4057 589 4111 hat
607 4071 670 4110 man
695 4056 765 4111 auch
791 4056 828 4109 im
846 4055 1002 4110 Alterthum
1020 4055 1069 4111 mit
1087 4055 1231 4124 richtigem
1249 4054 1299 4110 Ce-

211 4147 304 4203 fuehle
322 4147 371 4202 das
383 4145 475 4201 Canza
493 4143 661 4215 ausgefasst“
682 4143 808 4215 (Hesiodi
826 4144 1012 4199 narrationem
1031 4144 1118 4214 dicit).
1156 4143 1195 4200 CI.
1215 4146 1297 4200 etiam

212 4238 299 4292 Alam.
317 4235 351 4290 fr.
371 4238 403 4290 61
424 4234 455 4289 B.

284 4327 312 4396 9)
333 4325 372 4380 515
391 4324 462 4379 euim
481 4330 554 4378 recte
573 4324 653 4392 vulgo
672 4324 826 4392 explicatur
843 4323 925 4392 Prop.
945 4321 983 4378 IV
1002 4325 1027 4391 3,
1048 4325 1071 4377 1.
