2806 4808
644 387 662 442 3

189 551 300 633 Neque
323 557 430 618 tamen
455 553 576 632 ignoro,
600 555 721 632 quanta
743 551 788 616 sit
810 552 849 616 de
872 552 922 618 his
943 555 1047 634 poetis
1063 554 1188 636 Byzan-

102 655 183 721 tinis
206 657 327 722 saeculi
350 658 376 721 V
401 665 434 722 et
451 658 495 722 VI
519 658 702 736 opinionum
719 658 869 722 varietas.
914 659 1089 740 Postquam
1107 659 1191 723 enim

102 759 316 826 Ruhnkenius
340 762 448 843 (epist.
463 762 533 828 crit.
552 763 568 826 Ι
590 781 621 842 p.
637 760 703 842 72),
726 760 909 827 Huschkius
933 763 1040 844 (epist.
1065 764 1136 828 crit.
1159 761 1193 826 in

100 865 199 946 Prop.
225 883 255 946 p.
280 870 319 929 37
342 870 376 931 et
398 866 453 948 lo)
466 865 508 948 ¹),
530 863 763 947 Hertzbergius
786 866 925 948 (quaest.
942 867 1037 948 Prop.
1058 887 1089 948 p.
1103 868 1192 951 230),

100 969 266 1050 Hauptius
290 967 344 1051 (ci.
357 969 474 1050 Belger
493 969 535 1033 Μ.
547 969 658 1050 Haupt
679 989 710 1050 p.
724 969 811 1051 255),
833 970 993 1035 Lucienus
1016 971 1192 1037 Muellerus

100 1074 150 1154 (in
173 1071 373 1154 praefatione
396 1073 437 1138 ad
460 1073 663 1154 Propertium
686 1093 716 1154 p.
733 1073 808 1155 IV),
832 1071 1002 1139 Jacobsius
1025 1074 1080 1155 (ad
1104 1075 1192 1140 anth.

100 1176 211 1242 PaIV
237 1180 298 1240 217
311 1181 345 1241 et
357 1177 433 1258 228)
458 1176 513 1242 alii
527 1177 660 1242 Paulum
679 1176 896 1242 silentiarium
913 1177 1040 1259 linguae
1057 1179 1193 1244 Latinae

101 1281 244 1362 peritum
260 1300 298 1345 ex
310 1281 457 1360 Horatio,
482 1281 619 1360 Tibullo,
638 1282 818 1362 Propertio,
843 1282 955 1347 Ovidio
972 1283 1101 1364 saepius
1115 1283 1194 1348 hau-

102 1385 188 1450 sisse
211 1386 460 1464 contenderunt,
489 1386 672 1467 nuperrime
695 1387 887 1464 extiterunt,
919 1389 974 1468 qui
996 1387 1195 1453 contradice-

102 1495 162 1555 ent
182 1497 359 1573 poetasque
376 1491 510 1557 Latinos
533 1509 703 1572 expressos
726 1509 798 1556 esse
821 1511 841 1556 a
861 1491 1038 1572 Byzantina
1061 1492 1116 1556 illo
1140 1510 1195 1556 ne-

103 1599 231 1675 garent,
253 1594 301 1659 ita
315 1600 362 1672 ut,
384 1595 562 1676 quicunque
579 1596 664 1659 inter
680 1614 736 1660 eos
748 1595 945 1660 inveniretur
960 1597 1049 1662 locus
1070 1596 1194 1674 similis,

104 1700 135 1764 is
160 1698 316 1763 communi
340 1699 421 1764 fonti
445 1705 533 1764 esset
553 1699 772 1764 vindicandus.
817 1698 866 1762 Ab
889 1698 939 1763 his
956 1698 1098 1780 Diltheyi
1121 1718 1195 1780 par-

103 1802 193 1868 tibus
218 1807 379 1868 steterunt
405 1803 591 1868 Knaackius
616 1803 785 1885 (Analecta
807 1803 1194 1882 Alexandrino-Romana,

103 1907 384 1990 Gryphiswaldiae
402 1910 498 1983 1880)
521 1913 555 1971 et
571 1908 648 1972 Otto
671 1907 726 1989 (de
744 1905 862 1972 fabulis
878 1908 1100 1989 Propertianis
1122 1927 1153 1988 p.
1167 1915 1196 1984 5,

103 2017 240 2078 auctore
262 2010 551 2095 Reifferscheidio).
596 2011 644 2078 Oi.
667 2011 826 2077 Rohdium
850 2012 940 2076 Rom.
964 2032 995 2093 p.
1022 2017 1093 2076 139.

196 2116 298 2194 Quam
320 2116 541 2198 quaestionem
563 2134 646 2182 nunc
669 2116 773 2181 denuo
796 2116 999 2181 tractandam
1022 2116 1102 2179 mihi
1123 2133 1198 2196 pro-

106 2221 204 2304 posui
226 2240 266 2286 12
288 2239 414 2302 quoque
437 2239 494 2302 spe
517 2220 702 2303 perductus,
728 2219 796 2286 fore
820 2225 857 2287 ut
879 2220 969 2285 etad
984 2219 1197 2284 imitationem

105 2326 199 2392 illam
221 2325 509 2392 Alexandrinorum
538 2325 781 2406 Propertianam
811 2329 845 2389 et
875 2325 916 2390 ad
945 2323 1197 2406 cognoscendam

109 2436 216 2497 artem
239 2436 406 2497 auctorum
429 2431 589 2512 Propertii
612 2448 713 2494 novae
737 2430 818 2495 lucis
847 2447 909 2494 non
932 2429 1012 2493 nihil
1035 2427 1198 2494 afferatur.

108 2535 199 2602 Utile
231 2540 339 2600 autom
361 2535 464 2600 visum
487 2540 557 2612 est,
592 2553 736 2599 mecam
761 2533 975 2614 ecquinam,
1007 2539 1044 2598 ut
1071 2537 1199 2613 poetae,

110 2640 223 2725 „cuius
251 2657 331 2720 opus
355 2638 493 2720 Cynthia
517 2639 587 2704 sola
609 2635 689 2703 fniu‘
726 2638 796 2718 (Ov.
820 2655 898 2701 rem.
924 2642 1003 2715 7643
1039 2636 1079 2701 cf.
1101 2636 1199 2702 Mart.

107 2744 189 2810 VIII
209 2747 309 2823 73,5;
342 2742 455 2807 Barth.
479 2742 529 2807 ed.
553 2743 648 2824 Prop.
671 2742 773 2824 praef.
798 2761 828 2824 p.
848 2741 939 2822 LII),
970 2741 1106 2806 manime
1130 2759 1200 2806 car-

107 2849 197 2914 mina
224 2846 383 2912 amatoria
410 2852 601 2926 tractarem,
636 2847 753 2928 quippe
776 2845 945 2927 inquibus
968 2846 1130 2926 Propertii
1152 2845 1200 2910 in-

109 2953 240 3037 genium
260 2951 432 3034 plurimum
454 2951 626 3030 valuisset;
650 2952 701 3017 cui
718 2952 898 3032 quaestioni
913 2952 1119 3032 praemittam
1137 2968 1201 3014 non

109 3058 202 3124 nulla
224 3056 264 3122 de
287 3056 448 3121 constanti
475 3056 545 3134 1112,
580 3075 661 3139 quae
684 3061 773 3121 extat
797 3055 882 3137 apud
903 3059 1034 3136 poetam
1055 3060 1201 3120 nostrum

113 3164 201 3228 inter
224 3179 352 3227 carmen
376 3161 500 3242 epicum
523 3165 557 3225 et
580 3160 770 3243 elegiacum,
794 3159 1012 3242 oppositione3
1036 3164 1200 3241 postremo

113 3265 277 3332 corollarii
300 3265 370 3330 loco
393 3265 433 3330 de
457 3263 504 3329 eis
528 3263 722 3330 carminibus
744 3262 887 3328 breviter
909 3282 1020 3345 agam,
1044 3281 1125 3344 quae
1147 3262 1203 3328 illc

113 3372 156 3438 ad
189 3371 310 3436 amicos
346 3369 532 3435 consolandi
568 3369 705 3433 maxime
732 3386 830 3434 causa
862 3367 1002 3448 scripsit.
1054 3367 1092 3430 In
1125 3385 1204 3432 una·

114 3494 242 3558 quaque
264 3493 340 3539 vero
364 3474 476 3540 harum
501 3473 598 3538 trium
621 3473 762 3554 partium
784 3473 874 3553 prius
903 3473 1045 3552 singulas
1075 3477 1203 3535 senten-

114 3581 200 3658 2122,
237 3597 318 3661 quas
348 3577 570 3660 Propertium,
607 3576 770 3644 assiduum
807 3576 1004 3641 Graecorum
1038 3580 1204 3640 auctorum

118 3687 284 3761 lectorem,
309 3701 348 3747 ex
370 3681 605 3763 antiquioribus
627 3680 771 3746 fontibus
793 3681 969 3762 sumpsisse
992 3680 1206 3745 demonstrari

118 3788 235 3872 possit,
259 3785 510 3868 contemplabor,
528 3786 643 3852 deinde
660 3790 801 3852 totorum
817 3785 991 3849 carminum
1007 3789 1205 3864 argumenta.

205 3891 289 3957 Nolo
312 3895 476 3974 repetere,
497 3891 580 3972 quod
604 3890 729 3972 pridem
749 3889 899 3955 viderunt
920 3887 1090 3970 Diltheyus
1114 3887 1206 3970 (Cyd.

116 4019 147 4080 p.
174 4003 188 4062 1
216 4015 302 4081 sqq.;
316 4011 356 4079 p.
376 4001 415 4062 25
432 4015 480 4078 sq.
503 3996 595 4061 Anal.
620 3994 701 4060 Gall.
724 4013 755 4075 p.
781 3993 909 4075 3-6;)‚
934 3992 1077 4057 Rohdius
1101 3993 1203 4074 (Rom.

117 4123 148 4184 p.
165 4107 206 4167 22
220 4121 286 4184 sq.;
316 4100 355 4167 ci.
379 4121 410 4184 p.
423 4102 494 4184 73),
519 4098 732 4165 Schneiderus
756 4097 851 4181 (Gall.
874 4097 906 4162 11
928 4116 958 4179 p.
983 4102 1044 4162 267
1069 4116 1116 4178 sq.
1141 4097 1206 4176 al).

194 4347 222 4418 1)
241 4363 310 4416 piros
328 4346 424 4404 laudat
442 4345 603 4403 Ducbnerus
622 4346 658 4403 ad
676 4347 752 4402 anth.
771 4347 830 4401 Pal.
847 4345 873 4400 V
891 4346 951 4399 275.

950 4452 965 4512 1
976 4444 993 4484 a
