2806 4808
734 361 755 420 8

287 533 400 598 Altera
422 529 618 611 comparatio
641 526 761 610 legitur
784 527 878 607 Prop.
902 524 950 590 Ill
975 529 1024 602 10,
1048 528 1066 587 2

333 637 390 703 sed
413 641 539 716 tempus
560 634 702 699 lustrare
725 631 798 698 aliis
821 629 977 695 Helicona
999 627 1125 696 choreis

377 745 411 805 et
434 757 580 820 campum
601 736 779 802 Haemonio
802 735 866 800 iam
888 733 966 800 dare
989 738 1117 814 tempus
1140 751 1233 814 equo,

203 863 298 928 quam
322 863 446 910 crucem
470 844 684 922 interpretum
715 841 835 921 optime
865 838 992 904 collatis
1021 836 1101 903 locis
1130 835 1289 902 similibus

204 951 376 1032 explicavit
397 946 638 1028 Hertzbergius.
683 944 893 1010 Notissimum
915 944 999 1008 enim
1021 948 1073 1008 est
1093 939 1288 1023 figmentum,

202 1061 331 1138 poetam
349 1072 502 1137 equomm
526 1053 670 1134 aurigam
694 1069 775 1116 esse.
822 1049 990 1130 Oppositio
1012 1067 1098 1128 vero,
1122 1067 1217 1129 quam
1239 1066 1291 1112 re-

204 1161 335 1242 quirunt
365 1159 577 1238 interpretes,
612 1155 740 1236 poetica
771 1172 834 1219 non
863 1153 896 1217 in
930 1153 1088 1218 adiectivo
1111 1152 1289 1217 Haemonio

203 1265 310 1347 posita
339 1269 406 1342 est,
441 1261 499 1328 sed
529 1260 562 1324 in
591 1257 723 1326 vocibus
755 1276 921 1342 ,campum
944 1255 1055 1336 dare“,
1086 1257 1117 1320 h.
1142 1275 1169 1321 e.
1195 1256 1288 1338 ,nolo

203 1371 268 1436 iam
287 1368 431 1450 angustis
449 1365 571 1446 elegiae
589 1363 773 1429 carceribus
790 1362 940 1442 coerceri,
964 1361 1071 1428 sedin
1089 1360 1157 1425 lato
1178 1379 1289 1442 campo

206 1474 288 1556 epici
312 1471 462 1538 carminis
484 1468 626 1552 vagari.“
673 1468 888 1549 Quamquam,
911 1485 993 1547 quae
1016 1465 1152 1531 contulit
1174 1465 1289 1530 Hertz-

202 1577 350 1658 bergius,
386 1575 496 1656 augeri
518 1593 613 1655 posse
636 1571 819 1637 nonnullis
847 1571 926 1636 locis
949 1570 1114 1636 Ovidianis
1143 1570 1288 1652 aliisque,

206 1682 394 1763 quicumque
423 1678 485 1743 hac
512 1678 545 1742 in
573 1677 761 1758 quaestione
787 1679 935 1741 versatus
959 1675 1018 1754 sit,
1051 1675 1162 1740 statim
1190 1675 1289 1739 videt.

205 1785 309 1852 Huius
332 1799 457 1865 quoque
481 1782 661 1847 sententiae
684 1785 797 1846 extant
818 1779 964 1861 exempla
988 1778 1126 1857 Graeca,
1154 1798 1289 1861 qnorum

206 1887 438 1954 nobilissimum
462 1886 580 1968 legitur
601 1885 634 1949 in
647 1884 788 1950 Choerili
802 1883 900 1949 Samii
922 1882 1101 1965 fragmento
1115 1883 1140 1964 Ι,
1164 1884 1204 1949 de
1227 1903 1289 1965 qno

204 1992 276 2058 vide
299 1991 458 2056 Naekium
480 2009 510 2071 p.
538 1995 599 2054 104
619 2008 687 2071 sqq.
716 2017 720 2026 ·

294 2110 313 2175 ά
337 2109 449 2195 μάκαρ,
474 2111 553 2182 ὅστις
576 2109 626 2194 ἔην
650 2111 744 2174 κεῖνον
768 2111 873 2195 χρόνον
895 2108 970 2196 ἴδρις
993 2109 1102 2174 ἀοιδῶν

291 2213 444 2279 Μουσάων
468 2213 619 2300 θεράπων,
645 2215 687 2278 ὅτ’
711 2215 859 2300 ἀκήρατος
881 2215 918 2300 ἦν
942 2214 984 2278 ἔτι
1006 2217 1127 2299 λειμών.

291 2323 341 2384 νῦν
367 2319 393 2381 δ’
417 2320 466 2382 ὅτε
488 2317 583 2383 πάντα
606 2319 755 2401 δέδασται,
780 2318 884 2405 ἔχουσι
907 2319 940 2383 δὲ
963 2321 1087 2405 πείρατα
1108 2320 1221 2406 τέχναι,

295 2424 416 2487 ὕστατοι
438 2425 515 2486 ὥστε
539 2425 650 2509 δρόμου
672 2424 923 2508 καταλειπόμεδ”
947 2423 1017 2487 οὐδέ
1039 2447 1083 2487 τοι
1105 2423 1187 2487 ἔσται

291 2527 386 2614 πάντη
409 2528 610 2592 παπταίνοντα
630 2526 769 2611 νεοζογὲς
792 2529 874 2614 ἅρμα
895 2527 1051 2592 πελάσσαι.

291 2651 380 2728 Quae
402 2656 529 2717 restant
552 2651 732 2717 sententiae
755 2651 797 2717 ad
820 2656 967 2718 ornatum
996 2652 1155 2733 poeticum
1186 2651 1287 2732 perti·
1386 2713 1387 2718 ,

204 2761 327 2834 nentes,
351 2761 521 2837 tantopere
544 2761 619 2821 sunt
641 2775 661 2821 a
683 2755 761 2822 viris
784 2756 888 2822 doctis
910 2757 1019 2835 tritae,
1042 2763 1079 2822 ut
1098 2754 1191 2822 nobie
1208 2756 1289 2821 nihil

204 2859 272 2925 lere
303 2861 452 2926 relictum
483 2860 535 2926 eit.
590 2859 673 2925 Nam
705 2860 789 2942 quod
814 2860 847 2925 in
877 2861 979 2927 antris
1002 2861 1165 2926 Musarum
1179 2859 1203 2944 ¹)
1236 2879 1287 2926 ee-

204 2963 292 3030 disse
324 2983 359 3029 se
392 2966 439 3030 ait
461 2964 649 3045 Propertius
681 2962 740 3049 (IV
766 2969 794 3044 3,
819 2963 858 3030 cf.
883 2965 928 3030 IV
953 2971 980 3044 1,
1006 2968 1049 3046 5),
1082 2965 1229 3047 quodque
1252 2965 1286 3029 in

206 3070 372 3134 Musarum
396 3068 492 3134 choro
515 3066 701 3134 interfuisse
721 3087 755 3134 se
779 3069 944 3135 contendit
966 3069 1024 3151 (IV
1040 3075 1115 3148 1,4;
1143 3067 1288 3154 2,14)⁸),

205 3173 269 3238 iam
292 3173 346 3238 diu
369 3178 544 3254 coeperunt
565 3173 702 3239 tractari
724 3171 764 3238 ab
788 3172 1001 3256 Hertzbergio
1031 3175 1210 3256 ceterisque
1239 3175 1288 3239 in·
1386 3177 1387 3236 f

203 3274 401 3358 terpretibus
424 3276 595 3359 Propertii,
618 3277 765 3342 Bentleio
789 3277 831 3343 ad
853 3277 931 3342 Hor.
955 3277 1006 3342 od.
1030 3277 1045 3342 Ι
1072 3282 1122 3358 32,
1149 3284 1184 3358 1,
1212 3279 1287 3346 Pal-

206 3380 299 3446 damo
322 3381 432 3446 Roem.
455 3381 544 3446 Erot.
567 3400 598 3462 p.
624 3385 664 3445 39
687 3399 717 3445 n.
741 3385 782 3445 46
826 3380 847 3444 l.
1386 3375 1387 3388 ¹

291 3485 403 3551 Adhuc
426 3504 482 3551 cos
505 3485 821 3551 commemoravimus
843 3485 1004 3567 Propertii
1035 3487 1138 3566 locos,
1172 3484 1288 3569 quibus

185 3593 333 3670 poetam
357 3589 537 3656 sententiae
560 3588 695 3656 alicuius
719 3607 738 3654 a
761 3588 894 3655 Graecis
924 3590 1029 3670 poetis
1059 3591 1208 3657 inventae
1238 3594 1287 3657 at-

206 3712 267 3775 que
289 3693 498 3776 pervulgatae
520 3711 694 3759 memorem
716 3691 816 3760 fuisse
839 3693 1010 3760 admodum
1031 3693 1208 3776 probabilis
1237 3700 1289 3761 est

206 3798 399 3864 coniectura.
457 3797 520 3864 Sed
551 3803 625 3864 sunt
659 3797 772 3878 otiam,
808 3816 887 3880 quos
920 3817 959 3863 ex
991 3800 1061 3880 ipso
1093 3799 1288 3866 Callimacho

210 3920 282 3967 eum
306 3902 483 3983 sumpsisse
506 3919 576 3967 cum
598 3901 705 3984 aliqua
727 3902 795 3968 veri
818 3903 1025 3969 similitudine
1049 3903 1230 3986 suspiceris.

281 4128 308 4197 1)
326 4127 398 4183 unde
417 4127 522 4184 Statius
543 4128 712 4199 ,Umbroque
730 4128 893 4198 Propertius
911 4131 1007 4186 antro“
1028 4132 1087 4186 silv,
1106 4133 1119 4185 l
1139 4136 1164 4200 2,
1183 4135 1243 4186 253.

278 4216 306 4287 2)
326 4216 359 4272 cf.
378 4217 419 4271 III
439 4221 488 4287 10,
516 4216 554 4272 [v
573 4219 597 4285 5,
617 4220 667 4286 20,
697 4218 745 4274 Ov.
764 4219 838 4274 trist.
857 4219 882 4276 V
900 4223 926 4288 3,
947 4223 994 4288 10,
1022 4219 1103 4287 Verg.
1117 4222 1167 4276 ecl.
1188 4221 1226 4276 Vl
1238 4223 1287 4290 66,

207 4308 404 4365 Pseudoclaud.
422 4309 494 4365 laud.
513 4309 594 4364 Herc.
613 4311 649 4365 in.
668 4309 704 4365 al.
