2806 4808
732 376 826 438 60,

212 545 245 605 et
268 540 448 624 Antipatris
471 542 615 610 Thessal.
638 543 681 610 ib.
707 551 781 627 286,
806 551 824 610 5

302 645 373 710 οὐδέ
395 647 422 711 τί
446 672 479 710 σε
500 647 630 713 κτεάνων
654 650 835 736 lephaamo·
858 653 925 738 φεῦ,
949 651 1072 732 ἐλεεινέ,

346 753 423 816 ὤλεο
649 795 652 800 ·

212 855 268 938 (od
302 876 395 938 quem
423 857 463 923 of.
488 857 617 926 Jacobs.
649 861 743 925 anim.
778 861 810 926 ΙΙ
837 867 850 925 1
876 881 907 943 p.
933 867 994 929 339
1032 881 1080 944 sq.
1111 869 1145 928 et
1167 861 1302 946 Crinag.

211 961 299 1026 anth.
324 963 390 1028 Pal.
408 964 469 1030 Vll
486 967 562 1049 645)
594 967 676 1032 hunc
701 984 826 1047 quoque
850 966 950 1033 fuisse
973 968 1077 1033 locum
1101 985 1305 1033 communem

210 1065 242 1129 in
268 1068 402 1135 Graecis
426 1071 599 1152 epitaphiis
624 1070 840 1154 admonere¹).

299 1173 379 1239 Tum
402 1181 474 1241 orat
496 1176 685 1258 Propertius
708 1176 859 1260 amicum,
884 1196 923 1242 ne
947 1177 1045 1243 nimio
1067 1177 1206 1264 lugendo
1229 1175 1302 1242 fru-

208 1283 278 1345 stra
301 1285 410 1361 speret
432 1279 511 1363 fore,
535 1286 571 1346 ut
595 1278 657 1347 sihi
680 1281 815 1346 coniunx
838 1288 965 1348 mortua
995 1282 1167 1348 reddatur.
1211 1281 1301 1348 Nam
1381 1287 1382 1290 ’

297 1404 369 1451 eum
391 1386 492 1452 semel
514 1385 657 1452 infernas
680 1385 843 1452 intrarunt
866 1385 981 1453 funera
1003 1388 1111 1472 leges,

341 1511 402 1558 non
427 1497 559 1559 exorato
582 1497 671 1558 stent
694 1492 919 1558 adamante
942 1492 1013 1558 viae

207 1601 250 1684 (V
278 1605 327 1684 ll,
352 1603 395 1684 4).
442 1602 547 1686 Vulgo
570 1620 646 1667 vero
670 1600 804 1666 Orous
825 1600 1011 1667 reditum
1034 1598 1211 1666 mortuis
1233 1616 1300 1662 ne-

207 1725 257 1790 ga
266 1724 286 1770 n
296 1725 312 1771 s
323 1706 498 1773 vocabatur
520 1703 680 1790 ἄστρεπτος
693 1697 804 1788 Ἅιδης
818 1705 988 1788 (Lycophr.
1012 1706 1089 1788 813)
1102 1706 1153 1770 Vel
1166 1702 1300 1787 ἀπειθὴς

205 1813 305 1896 χῶρος
324 1810 540 1894 (Hermesian.
554 1812 587 1895 3)
610 1811 663 1877 vel
675 1808 827 1896 ἄκαμπτος
850 1807 900 1872 καὶ
924 1809 1084 1894 ἀνόστητος
1100 1815 1200 1896 χῶρος
1214 1810 1299 1893 (Alb

206 1917 328 1999 tipater
351 1918 438 1984 anth.
463 1917 531 1982 Pal.
554 1917 708 1996 villam
734 1915 774 1981 cf.
798 1913 926 1982 Jacobs.
952 1915 1046 1980 anim.
1070 1914 1102 1980 Π
1129 1921 1143 1980 l
1169 1935 1199 1996 p.
1214 1920 1299 1996 104;
1383 1909 1384 1952 l

210 2021 316 2100 Quint.
354 2021 476 2105 Smyrn.
516 2023 565 2088 ΙΙΙ
590 2025 628 2088 15
652 2021 697 2106 al)
721 2019 760 2086 cf.
786 2019 920 2105 σιδηρείη
951 2017 1034 2103 οἶμος
1056 2015 1157 2083 Ἀΐδεω
1189 2019 1299 2102 (anth.

206 2127 273 2193 Pal.
305 2127 366 2191 VII
396 2131 477 2210 412,
507 2125 546 2193 cf.
578 2126 659 2192 llll
699 2130 756 2208 15,
792 2143 871 2206 quos
904 2126 993 2190 locos
1022 2124 1088 2188 iam
1121 2121 1298 2193 Jacobsius

205 2234 300 2300 onim.
331 2235 406 2317 12,
437 2255 467 2316 p.
493 2237 554 2299 362
587 2237 620 2297 et
642 2226 877 2314 Hertzbergius
909 2247 982 2294 eum
1004 2228 1173 2310 Propertio
1205 2250 1297 2297 com·

205 2340 426 2423 paraverunt).
471 2338 610 2404 Maxime
645 2334 755 2400 confer
784 2333 987 2414 Propertium
1019 2352 1090 2398 eum
1119 2335 1297 2404 Theocrito

207 2449 238 2513 II
270 2447 309 2512 3'3
339 2444 372 2508 τὺ
397 2440 555 2528 δ”Ἀρτεμι
576 2439 625 2504 καὶ
652 2438 700 2502 τὸν
724 2439 753 2502 ἐν
779 2431 912 2520 ζἈιδοιιῗ)
938 2438 1067 2520 κινήσεις
1096 2439 1124 2500 κ’
1136 2438 1298 2523 ἀδάμαντα

204 2558 237 2619 et
259 2552 401 2619 Luciano
433 2549 474 2615 de
496 2550 621 2614 luctu4
643 2542 715 2629 πρὸς
738 2541 813 2629 αὐτῇ
836 2548 872 2628 τῇ
894 2543 1019 2628 καθόδῳ
1040 2539 1090 2605 καὶ
1111 2541 1191 2629 πύλῃ
1214 2541 1295 2632 οὔσῃ

207 2655 390 2742 ἀδαμαντίνῃ
416 2703 423 2716 .
449 2702 455 2716 .
482 2650 627 2723 ,Αἰακὸς
658 2649 779 2734 ἕστηκεν
813 2648 895 2732 alia,
920 2644 1035 2730 quibus
1059 2647 1204 2717 omnibus
1227 2650 1294 2716 im-

205 2767 294 2829 mota
324 2767 357 2827 et
390 2759 498 2844 rigida
522 2756 597 2822 Orci
626 2754 811 2821 immanitas
842 2751 1052 2837 significatur.
1106 2753 1224 2824 Nescio
1246 2777 1293 2824 an

203 2867 283 2932 haec
308 2883 432 2947 quoque
455 2882 516 2928 vox
538 2862 571 2926 in
595 2858 749 2943 epicediis
774 2857 909 2923 Graecis
932 2857 1121 2925 circumlata
1149 2860 1202 2927 sit.

291 2969 373 3047 Quin
394 2968 493 3034 etiam
515 2963 802 3046 superstitum
818 2960 1009 3028 lacrimis
1025 2966 1169 3030 vexari
1188 2985 1292 3033 mor-

202 3083 246 3144 tu
258 3095 309 3160 os,
333 3081 383 3142 est
403 3072 572 3141 notissime
594 3070 680 3136 inter
697 3067 915 3151 epicediorum
938 3073 1054 3148 poetas
1068 3069 1203 3139 Latinos
1215 3091 1289 3140 sen-

205 3180 318 3248 tentia.
365 3179 404 3246 of.
428 3179 523 3261 Prop.
547 3177 576 3242 V
601 3182 690 3256 11,1

290 3287 410 3369 desine,
434 3284 545 3366 Paule,
568 3299 674 3347 meum
697 3278 840 3346 lacrimis
862 3295 980 3364 urgere
1002 3279 1184 3361 sepulcrum

207 3398 247 3462 de
270 3413 332 3478 quo
355 3390 395 3457 of.
419 3385 573 3455 Huebner
597 3385 675 3467 epic.
700 3402 731 3465 p.
758 3388 837 3461 1663
862 3381 943 3447 Stat.
968 3383 1037 3449 silv.
1060 3385 1092 3450 ΙΙ
1115 3392 1144 3468 6,
1170 3393 1209 3454 96

290 3496 366 3579 quid
389 3510 499 3560 caram
523 3490 648 3557 crucias
671 3494 740 3554 tam
762 3487 867 3554 saevis
890 3485 1029 3554 luctibus
1051 3487 1224 3556 umbram?

203 3609 236 3669 et
258 3602 287 3667 V
312 3608 340 3684 1,
367 3605 428 3666 180

290 3724 399 3790 parce,
422 3723 546 3788 precor,
571 3700 722 3781 lacrimis,
746 3715 842 3764 saevo
865 3715 923 3763 uec
947 3704 1081 3764 concute
1103 3699 1235 3781 planctu

288 3816 432 3896 pectora,
454 3827 513 3875 neo
538 3805 645 3874 crucia
667 3804 847 3890 fugientem
870 3801 1014 3887 coniugis
1038 3801 1185 3871 umbram

201 3923 235 3985 et
267 3916 468 4001 epigramma
499 3911 678 3994 sepulcrale
711 3910 848 3976 salonae
886 3910 1048 3976 inventum
1071 3909 1206 3993 (editum
1237 3918 1289 3980 est

203 4039 303 4088 revue
336 4017 474 4085 orchool.
498 4013 621 4082 XXXII
643 4033 673 4096 p.
701 4015 786 4098 124),
809 4014 843 4078 in
866 4032 927 4096 quo
950 4014 1030 4081 haec
1054 4016 1206 4102 legtmtur

200 4143 521 4250 W—elfhrlcleodu.

275 4266 304 4337 2)
322 4279 392 4336 quae
418 4264 500 4324 leetlo
528 4265 598 4323 lalso
624 4263 783 4334 uZlogloro
808 4266 952 4336 repudiata
977 4273 1026 4324 est.
1065 4266 1098 4323 el.
1122 4265 1288 4338 interpretes

201 4356 236 4414 ad
254 4357 326 4414 hune
344 4355 440 4414 locum.
1151 4353 1172 4383 ··'
