2806 4808
617 354 654 412 61

178 543 303 627 parcite
326 543 392 608 iam
416 540 580 608 lachrimis
602 539 714 604 miseri
735 537 858 618 solique
881 539 1034 617 parentes

222 655 275 716 sat
295 647 391 714 fletus
413 652 541 712 uestros
563 644 668 727 prima
691 642 802 710 favilla
824 640 906 707 bibit

88 758 133 824 oi.
159 757 258 823 etiam
280 752 440 820 Tibullum
462 752 478 816 Ι
504 757 531 834 1,
556 755 595 814 67

179 867 216 927 tu
238 877 350 926 manes
373 877 413 923 ne
436 854 530 923 laede
553 871 652 936 meos⁷
676 852 735 920 sed
756 870 855 934 parce
878 849 992 916 solutis

224 963 365 1031 crinibus
389 968 422 1028 et
445 960 577 1042 teneris,
601 959 705 1040 Delia,
728 975 825 1038 parce
848 955 940 1042 genis

176 1071 250 1138 Non
272 1068 434 1137 dissimile
464 1071 514 1132 est
536 1065 659 1132 iussum
680 1063 824 1144 Romuli,
859 1061 914 1142 qui
943 1063 1016 1140 post
1039 1060 1178 1121 mortem

88 1179 173 1244 deus
195 1177 355 1259 apparuit,
381 1171 467 1255 apud
490 1169 639 1236 Ovidium
660 1167 735 1234 fast.
759 1164 876 1232 11506

546 1273 682 1357 prohibe
704 1273 817 1356 lugere
840 1268 994 1352 Quirites,

179 1405 237 1452 nec
265 1385 382 1450 violent
404 1380 546 1446 lacrimis
569 1378 699 1443 numina
721 1381 833 1441 nostra
856 1373 932 1439 suis.

91 1492 200 1578 Vulgo
224 1495 334 1557 autem
350 1483 526 1553 credebant
548 1487 676 1548 veteres
699 1500 762 1545 non
784 1477 877 1544 modo
895 1475 1013 1542 Graeci
1025 1471 1183 1553 Latinive,

91 1597 153 1663 sed
183 1595 283 1662 etiam
305 1593 476 1675 Germani,
506 1589 625 1657 mortui
646 1585 794 1655 umbram
815 1582 926 1649 vexari
947 1579 1089 1646 lacrimis
1111 1595 1184 1659 pro·

91 1703 288 1784 pinquorum
311 1699 405 1764 nimis
428 1699 636 1764 vehementer
663 1690 850 1777 lugentium.
895 1687 997 1752 Recte
1019 1683 1084 1748 iarn
1105 1680 1182 1745 Wa-

94 1807 272 1892 ckernagel
295 1806 336 1871 de
351 1802 509 1887 Buergeri
531 1799 683 1881 carmine,
707 1795 791 1879 quod
813 1797 946 1859 vocatur
959 1789 1095 1870 Lenore,
1118 1784 1183 1849 dis-

95 1917 217 1994 putans
250 1911 406 1994 (hlainere
439 1904 601 1973 Schriften
630 1904 662 1967 Π
693 1922 723 1983 p.
749 1906 810 1966 399
845 1897 930 1980 sqq.)
964 1901 997 1960 et
1025 1891 1186 1958 Lucienus

93 2017 232 2083 Mueller
263 2017 296 2081 in
318 2013 533 2082 Fleckeisenii
556 2007 726 2078 annalibus
752 2011 834 2070 1865
857 2022 888 2085 p.
913 2006 976 2067 413
1001 2018 1047 2081 sq.
1072 1996 1113 2062 de
1136 1993 1185 2059 f-

94 2119 175 2187 bula
205 2121 262 2186 illa
285 2121 479 2187 Germanica
500 2117 669 2183 notissima
692 2113 884 2191 admonent,
916 2108 968 2174 cui
989 2100 1122 2170 inscribi
1137 2118 1189 2167 so·

96 2225 216 2291 letdas
229 2222 578 2307 Thraenenkrueglein.
613 2204 1189 2301 Minimeigituraverisimilitudine

97 2328 262 2413 abhorret,
287 2332 324 2412 si,
348 2336 383 2396 ut
407 2328 505 2410 alias,
529 2327 575 2391 sic
599 2325 681 2389 hano
706 2337 830 2402 quoque
853 2316 1042 2398 popularem
1064 2309 1187 2393 opinio·

94 2453 171 2500 nem
193 2434 388 2501 carminibus
411 2434 478 2500 suis
500 2431 678 2498 inseruisse
701 2429 815 2508 poetas
849 2418 1084 2486 Alexandrinos
1121 2420 1188 2480 sta-

95 2538 217 2605 tuimus
241 2544 339 2621 atque
370 2559 409 2606 ex
430 2538 558 2605 illorum
589 2533 742 2618 epicediis
765 2528 942 2610 sumpsisse
965 2541 1038 2590 eam
1060 2525 1189 2588 senten-

98 2643 182 2709 tiam
202 2648 318 2726 poetus
341 2645 483 2712 Latinos.
530 2644 581 2708 ita
613 2640 698 2707 enim
727 2638 841 2702 horum
871 2645 1045 2706 consensus
1068 2625 1188 2708 optime

101 2747 281 2829 explicatur
293 2749 327 2832 ¹).

190 2852 228 2917 In
252 2871 362 2919 eorum
387 2852 503 2918 deinde
517 2850 633 2935 elogiis
656 2846 861 2930 epicediisve,
885 2841 939 2925 qui
961 2831 1191 2919 naufragio

102 2955 224 3022 facto
246 2957 468 3038 perierunt
497 2956 607 3022 dolent
634 2971 733 3035 saepe
768 2955 885 3032 poetae
918 2963 1017 3011 naves
1045 2943 1192 3008 inventas

105 3079 188 3144 esse,
205 3079 330 3127 omnem
339 3061 580 3146 navigationem
588 3064 685 3141 atque
693 3062 729 3122 ut
738 3056 806 3121 eius
819 3069 948 3120 causam
960 3047 1131 3115 avaritiam
1139 3045 1195 3111 de·

103 3171 238 3250 vovent,
268 3185 307 3231 ne
337 3185 479 3248 unquam
507 3164 612 3231 ventis
634 3163 707 3228 vela
730 3161 809 3226 data
832 3159 907 3240 sint,
931 3158 1061 3237 optant,
1100 3168 1194 3233 quem

8 3329 10 3334 .
104 3271 208 3336 locum
231 3289 429 3335 communem
450 3269 605 3336 tractavit
621 3266 752 3347 Dilthey
770 3263 853 3329 anal.
870 3259 993 3327 Oaffim.
1016 3276 1047 3339 p.
1063 3259 1101 3320 12
1113 3273 1193 3337 sqq,

104 3373 295 3440 Callimachi
322 3374 542 3460 fragmentum
577 3379 638 3438 515
671 3367 915 3457 epigrammatis
946 3359 1136 3445 sepulcralis
1158 3358 1193 3422 in

104 3478 267 3544 hominem
288 3478 460 3564 naufragio
483 3477 688 3561 absumptum
711 3474 824 3556 scripti
861 3490 932 3538 1111
962 3463 1110 3550 1111111),
1144 3469 1194 3530 at·

179 3630 206 3701 1)
225 3631 327 3686 similia
351 3633 453 3700 passim
477 3633 506 3687 in
535 3631 739 3701 epigrammatis
765 3626 965 3697 sepulcralibua
989 3618 1103 3678 Graecis
1122 3617 1194 3672 inve·

107 3717 227 3787 niuntur,
246 3719 292 3774 ubi
310 3727 433 3776 mortuus
452 3722 621 3790 propinquos
641 3726 703 3775 orat
722 3724 805 3787 atque
824 3715 959 3780 obsecrat,
978 3718 1009 3765 ut
1021 3710 1098 3763 luctu
1115 3704 1196 3760 lacri-

108 3808 213 3876 misque
232 3824 261 3864 se
281 3810 444 3866 abstineant.
482 3811 515 3865 11.
538 3812 585 3865 151
606 3808 658 3878 fin,
677 3811 746 3876 264,
766 3807 834 3874 345,
855 3805 906 3859 372
925 3800 1024 3856 Kaihel
1042 3798 1078 3852 11.
1100 3827 1132 3836 -
1153 3793 1195 3848 Iu·

106 3905 153 3953 rat
179 3899 262 3954 etiam
285 3917 446 3968 comparare
472 3917 533 3956 oum
551 3899 697 3967 Propertio
723 3894 875 3966 epicedium
894 3889 1021 3962 anonymi
1039 3886 1113 3943 anth.
1133 3884 1195 3939 Pal.

106 3987 159 4042 VH
177 3990 238 4042 667.
259 4020 292 4029 -
313 3989 394 4058 Apud
413 3990 588 4045 Charitonem
606 3990 619 4042 Ι
640 3991 681 4056 14,
706 3991 721 4041 7
741 3993 850 4042 mortua
880 3998 909 4038 se
929 3979 1031 4037 sentire
1049 3973 1141 4031 1111111
1159 3973 1200 4028 11·

106 4078 206 4134 crimus
227 4079 256 4134 in
275 4080 401 4149 sepulcro
422 4079 521 4136 effusas
540 4079 693 4135 confitetur.

182 4170 210 4240 2)
227 4166 312 4239 Prop.
344 4171 382 4225 IV
408 4174 439 4240 7,
467 4170 515 4225 01.
535 4185 587 4225 am.
612 4169 700 4237 1111,
722 4170 734 4220 1
756 4182 829 4235 sqq.;
856 4162 896 4217 III
914 4164 940 4230 8,
958 4161 1010 4229 49,
1031 4156 1136 4212 Gallim.
1156 4169 1200 4222 ep.

108 4259 175 4314 XIX
201 4245 281 4314 So'hn.
326 4260 359 4316 cf.
397 4261 479 4316 etiam
513 4260 587 4315 anth.
620 4258 679 4312 Pal.
710 4257 749 4310 IX
775 4257 826 4325 29;
858 4251 1005 4308 stobaeum
1031 4247 1112 4303 florii.
1139 4260 1199 4313 cap.

8 4385 9 4390 κ
121 4349 200 4422 11111,
235 4351 361 4420 Zingerle
396 4351 408 4402 1
442 4367 467 4418 p.
503 4353 571 4420 111,
607 4349 716 4405 Jacobs.
750 4347 830 4402 anim.
862 4343 929 4397 112
954 4357 982 4411 p.
1008 4341 1057 4410 55,
1093 4335 1201 4392 coluth.
