2806 4808
640 380 681 440 39

104 549 244 633 Longus
268 547 300 614 II
324 552 342 612 3
366 565 435 629 sqq.
460 546 653 630 interposuit
674 563 783 611 rerum
805 546 1003 629 narrationi,
1034 544 1089 613 ubi
1120 565 1197 612 eave

107 671 193 720 casu
214 650 337 718 factum
359 670 432 718 esse
455 657 560 734 putes,
582 655 620 715 ut
632 650 711 733 seni,
735 665 831 732 quem
854 669 927 718 cum
951 652 1068 717 Amore
1092 652 1198 718 conlo-

107 762 267 841 quentem
283 762 381 839 atque
396 757 436 823 de
449 757 537 822 illius
560 755 612 822 dei
634 761 752 821 natura
766 775 839 822 cum
855 755 1026 838 Daphnide
1049 761 1082 822 et
1101 756 1200 822 Chloe

107 863 403 930 communicantem
425 860 504 926 facit
526 861 673 946 Longus,
704 879 819 928 nornen
841 859 988 926 Philotae
1011 860 1124 927 datum
1146 860 1198 927 sit.

109 967 268 1045 Quamvis
297 967 380 1032 enim
413 963 553 1031 libenter
584 964 698 1030 erotiei
740 965 916 1046 scriptores
950 964 1031 1030 talia
1069 965 1199 1030 nomina

108 1070 285 1155 fingerent,
307 1087 441 1151 quorum
463 1069 555 1156 origo
578 1086 651 1133 oum
667 1087 879 1150 personamm
901 1073 1018 1134 natura
1038 1069 1198 1134 eonsenti-

109 1182 177 1258 ret,
200 1175 294 1241 simul
320 1179 431 1240 tamen
452 1174 584 1258 Longus
608 1174 776 1240 enucleate
804 1179 934 1256 poetam
956 1170 1203 1239 celeberrimum

110 1280 368 1348 Alexandrinum
390 1279 441 1344 hio
466 1277 638 1363 sigmfioat,
662 1279 752 1344 cuius
769 1278 1044 1346 narratiunculam
1059 1277 1200 1362 Longia-

111 1405 191 1452 nam
221 1385 320 1450 istam
349 1381 533 1468 legentibus
571 1383 604 1447 in
631 1388 773 1448 mentem
813 1383 923 1448 venire
955 1400 1088 1451 necesse
1118 1388 1198 1448 erat.

110 1492 269 1558 Fortasse
291 1489 393 1574 igitur
415 1488 512 1554 simili
534 1487 629 1553 modo
646 1486 792 1552 Philetas
815 1505 941 1568 quoque
954 1487 1087 1570 luserat,
1111 1488 1200 1553 cuius

110 1595 326 1680 paegniorum
365 1612 464 1660 unum
495 1594 673 1659 alterumve
695 1589 858 1659 inferioris
890 1591 1009 1658 aetatis
1032 1597 1202 1674 poetarum

111 1697 276 1766 mentibus
299 1695 467 1764 obversari
495 1696 611 1778 potuit.
657 1694 696 1760 cf.
728 1712 801 1761 eum
822 1695 935 1782 Longo
964 1695 1065 1761 etiam
1089 1694 1200 1762 Bionis

112 1805 334 1890 fragmentum
360 1807 398 1866 12
425 1802 502 1866 hhr.
527 1801 591 1885 (2),
613 1798 669 1866 ubi
689 1818 809 1881 auceps
831 1800 963 1882 quidam
994 1801 1027 1866 in
1049 1802 1200 1867 Amorem

110 1908 228 1976 incidit
250 1907 435 1989 frustraque
451 1925 525 1972 eum
547 1904 690 1973 nancisci
705 1910 839 1971 conatus
863 1925 935 1971 eum
957 1923 1035 1972 sene
1058 1906 1099 1972 de
1113 1907 1199 1974 illius

111 2020 232 2082 natura
256 2013 467 2094 conloquitur.

202 2119 263 2185 Est
285 2119 386 2204 igitur
409 2117 469 2182 hoc
493 2119 719 2200 argumentum
740 2112 911 2182 artificium
934 2114 1072 2181 nitidum
1093 2120 1126 2181 et
1149 2134 1200 2182 or·

114 2229 246 2307 natum,
279 2223 364 2305 quod
388 2240 460 2288 curn
491 2225 607 2302 suapte
628 2225 746 2285 natura
769 2219 911 2288 auctoris
933 2238 1092 2304 personae
1113 2220 1201 2286 haud

116 2329 313 2396 adhaereret
337 2333 370 2394 et
401 2326 497 2393 simul
518 2324 641 2390 inventi
663 2324 828 2410 elegantia
852 2323 1024 2390 admodum
1045 2326 1201 2409 placeret,

116 2433 188 2501 fieri
214 2434 266 2498 vix
287 2432 404 2515 potuit,
430 2430 506 2512 quin
529 2428 569 2494 ab
591 2425 810 2494 imitatoribus
832 2434 1052 2510 usurparetur.

202 2539 246 2603 Et
268 2537 345 2603 sine
359 2533 455 2602 dubio
479 2534 585 2617 aptius
609 2553 644 2600 se
664 2533 706 2600 ad
729 2539 896 2600 auctorem
918 2553 1010 2601 suurn
1033 2535 1201 2617 applicans

114 2644 315 2730 singularem
348 2657 474 2724 quoque
497 2639 586 2704 illam
610 2656 743 2704 eausam
766 2656 805 2703 ex
830 2639 955 2706 Graeco
979 2640 1121 2706 carmine
1145 2640 1200 2705 de-

114 2749 253 2830 sumpsit
270 2745 469 2829 Propertius,
492 2749 529 2810 ut
544 2744 679 2810 Amores
702 2748 796 2808 nocte
815 2748 974 2829 vagantes
998 2743 1200 2831 depingeret.

113 2853 233 2920 Nescio
256 2852 417 2934 equidem,
440 2869 482 2915 an
503 2849 589 2914 inter
604 2847 756 2913 Latinum
779 2852 877 2929 atque
897 2848 1057 2917 incertum
1070 2856 1201 2932 poetam

114 2959 278 3025 Graecum
301 2954 547 3040 epigrammatis
570 2952 658 3018 anth.
682 2951 750 3016 Pal.
776 2951 803 3016 V
828 2957 901 3034 303,
937 2952 992 3019 ubi
1015 2955 1049 3020 in
1071 2956 1201 3038 Cupidi-

114 3083 190 3130 nem
211 3067 319 3144 noctu,
341 3066 378 3127 ut
402 3059 549 3140 videtur,
581 3076 640 3142 per
673 3054 803 3140 publica
834 3057 906 3123 loca
935 3059 999 3125 iter
1028 3059 1202 3129 facientem

116 3173 264 3236 amantes
285 3167 441 3248 impetum
462 3162 597 3245 faciunt,
620 3180 659 3227 ea
680 3161 864 3228 intercedat
886 3163 986 3248 ratio,
1009 3171 1045 3234 ut
1067 3168 1202 3234 Amores

116 3278 215 3339 noctu
244 3269 376 3337 ludibrii
408 3287 506 3334 eausa
538 3286 597 3350 per
625 3265 740 3332 urbem
770 3273 960 3354 grassantes
994 3269 1035 3339 ab
1064 3277 1202 3355 utroque

114 3383 213 3462 poeta
250 3377 317 3445 iam
349 3375 383 3440 in
416 3370 630 3440 veterioribus
671 3370 868 3439 carminibus
913 3373 1047 3442 Graecis
1081 3377 1202 3447 inventi

113 3483 236 3550 fuerint
246 3480 281 3564 ¹).
328 3479 379 3545 Sic
404 3480 597 3545 Anacreont.
635 3482 672 3543 31
706 3477 754 3560 (3)
791 3495 915 3558 quoque
946 3479 1069 3561 Cupido
1105 3488 1202 3550 noctu

114 3605 240 3671 vagans
266 3589 397 3666 poetam
419 3583 496 3648 visit
518 3582 660 3664 dicitque
681 3577 758 3643 κατὰ
779 3579 870 3644 νύκτα
890 3581 1083 3668 πεπλάνημαι
1094 3584 1129 3668 2).

115 3818 231 3873 Amores
257 3831 318 3871 eum
346 3813 430 3883 poete
458 3822 621 3884 congressos
641 3813 680 3868 ibi
698 3812 837 3881 invenies,
856 3811 890 3868 cf.
908 3813 1116 3886 Furtwaeugler
1139 3835 1166 3888 p.
1185 3825 1203 3876 8

116 3908 183 3980 ,wir
201 3907 342 3976 begeguen
359 3905 422 3962 hier
440 3902 527 3974 (apud
544 3901 717 3974 Euripidem)
741 3918 802 3960 zum
826 3908 918 3960 ersten
935 3905 1006 3960 male
1025 3905 1099 3972 eiper
1117 3910 1204 3965 mehr·

114 3998 179 4054 zahl
197 4013 250 4052 von
268 3995 399 4052 Eroten.“

189 4089 216 4159 1)
235 4086 270 4143 of.
290 4084 433 4142 addenda.

187 4177 215 4248 2)
234 4183 297 4232 sunt
317 4175 400 4230 etiam
418 4187 555 4243 gemmae,
575 4185 645 4242 qnae
664 4170 811 4242 cupidines
830 4172 931 4243 ebrios,
950 4174 1091 4231 lanternas
1110 4191 1205 4246 geren·

61 4260 67 4270 ’
115 4276 165 4336 tes,
185 4264 340 4336 chlamydes
360 4263 472 4320 indutos
491 4266 714 4331 repraesentant,
741 4277 809 4330 quas
835 4269 965 4319 accurate
994 4272 1118 4320 recenset
1139 4265 1197 4323 Ste-

115 4355 200 4428 phani
225 4353 338 4423 Compte
363 4352 461 4410 Rendu
485 4367 556 4422 pour
583 4354 651 4407 1877
675 4368 701 4420 p.
723 4353 774 4407 115
794 4365 833 4422 sq.
853 4350 887 4407 cf.
908 4355 966 4410 184.
1011 4354 1115 4426 Quibus
1143 4356 1197 4414 for·
