2806 4808
117 547 204 613 satis
227 548 347 613 claram
370 549 410 615 ab
435 551 485 615 his
509 550 657 618 omnibus
680 557 838 627 statuam,
870 572 951 632 quae
974 575 1045 620 eum
1068 559 1167 622 semel
1191 579 1210 624 a

118 649 221 717 nobili
252 653 358 718 nescio
392 672 454 735 quo
486 661 585 735 poeta
620 659 791 738 conspicuo
823 658 893 721 loco
923 667 1080 742 usurpata
1111 669 1208 745 esset,

119 756 234 822 statim
255 775 377 822 summo
401 777 509 824 amore
532 764 629 840 atque
653 761 760 827 studio
783 761 868 825 inter
890 762 959 828 eius
979 767 1130 846 aequales
1149 769 1209 833 eir-

118 860 263 926 cumlata
285 860 385 945 sit¹)?

208 964 431 1032 Manifestiora
446 969 543 1033 etiarn
559 969 697 1051 vestigia
713 969 903 1036 imitationis
923 977 1091 1052 poetamm
1105 975 1206 1042 Grae-

116 1087 231 1134 corum
254 1071 340 1151 apud
362 1072 567 1153 Propertium
590 1072 677 1138 facili
700 1074 829 1155 negotio
852 1073 1075 1157 indagabimus
1099 1079 1131 1144 in
1150 1081 1206 1160 eis,

117 1171 238 1254 quibus
256 1179 375 1240 artem
396 1177 584 1257 poeticam
601 1182 667 1244 aut
683 1197 763 1244 cum
779 1179 1023 1262 navigatione
1047 1188 1111 1247 aut
1129 1202 1208 1250 eum

118 1297 301 1360 equorum
324 1281 506 1346 curriculo
530 1287 737 1364 comparat,
770 1283 926 1350 versibus.
972 1284 1020 1349 ef.
1043 1287 1088 1351 IV
1112 1293 1141 1368 3,
1167 1293 1207 1353 22

294 1403 356 1448 non
379 1390 431 1450 est
451 1385 570 1468 ingenii
593 1385 704 1469 cymba
726 1389 890 1470 gravanda
912 1390 969 1468 tui,

251 1488 335 1553 alter
358 1507 465 1554 remus
488 1508 599 1571 aquea,
623 1490 707 1554 alter
729 1488 789 1555 tibi
810 1491 907 1556 radat
929 1492 1083 1560 harenas:

292 1597 382 1659 tutus
405 1594 486 1658 eris:
509 1593 614 1658 medio
637 1594 776 1662 maxima
797 1593 893 1661 turba
916 1598 1039 1677 marist,

117 1697 211 1762 cuius
234 1697 403 1762 commenti
425 1698 585 1779 permulta
607 1698 815 1779 suppeditant
837 1700 983 1782 exempla
1005 1701 1131 1769 Latina.

118 1800 169 1866 Of.
191 1802 286 1882 Prop.
311 1802 356 1866 IV
380 1807 409 1881 9,
434 1806 474 1866 35
1093 1871 1097 1879 ,

168 1973 170 1978 ,
251 1924 314 1970 non
337 1922 395 1986 ego
418 1902 553 1970 velifera
574 1905 731 1971 tumidum
753 1924 841 1972 mare
867 1907 952 1972 findo
975 1910 1084 1976 carina

114 2009 164 2074 IV
189 2015 218 2089 9,
243 2013 262 2074 3
286 2028 333 2090 sq.

250 2115 326 2196 quid
348 2132 399 2178 me
422 2113 584 2180 scribendi
606 2120 673 2180 tarn
696 2120 821 2181 vastum
845 2116 949 2181 mittis
971 2117 1004 2180 in
1028 2125 1170 2201 aequor?

292 2238 354 2284 non
377 2224 452 2285 sunt
474 2225 552 2302 apta
573 2238 664 2286 meae
685 2220 821 2302 grandia
841 2220 913 2286 vela
935 2221 999 2286 rati
1011 2219 1046 2304 ²).

115 2324 212 2390 Licet
233 2324 286 2388 hic
308 2325 411 2391 multa
432 2326 516 2391 aiter
539 2344 577 2390 ex
604 2326 707 2390 altero
738 2325 912 2406 sumpserit
940 2330 1038 2405 poeta
1060 2328 1204 2409 Latinus

114 2430 230 2510 negari
253 2435 361 2494 tamen
383 2430 511 2511 nequit,
545 2429 686 2495 Graecos
717 2429 767 2494 his
796 2427 985 2510 praebuisse
1009 2449 1205 2498 communem

114 2535 248 2600 fontem.
294 2535 448 2600 Fortasse
471 2536 649 2616 comparari
672 2540 782 2616 potest
803 2535 895 2599 Pind.
918 2535 1006 2618 pyth.
1029 2536 1074 2602 IV
1099 2544 1116 2602 5

338 2637 449 2718 Μοῖσα,
472 2638 660 2702 Λατοίδαισιν
685 2639 875 2723 ὀφειλόμενον

335 2742 461 2807 Πυθῶνί
484 2744 509 2806 τ’
534 2741 624 2829 αὔξῃς
647 2743 733 2828 οὖρον
758 2743 855 2827 ὕμνων

115 2848 203 2914 adde
226 2867 308 2929 quae
330 2853 501 2930 praeterea
516 2850 651 2915 contulit
665 2847 914 2931 Hertzbergius3
939 2847 977 2916 cf.
991 2849 1148 2932 Heyniunr
1163 2850 1205 2916 ad

112 2952 292 3018 Pindarum
315 2953 430 3034 olymp.
453 2953 532 3020 XIII
556 2958 595 3018 69
621 2953 650 3036 (Ι
672 2973 703 3035 p.
720 2954 805 3037 164).

193 3196 220 3265 1)
241 3196 274 3249 cf.
301 3197 413 3267 Dilthey
441 3197 505 3267 Opd
531 3213 558 3265 p.
580 3200 620 3251 16.
649 3229 681 3236 -
715 3197 778 3252 Non
806 3200 864 3252 sine
891 3199 1010 3254 utilitate
1040 3200 1203 3268 inspicietur

115 3285 295 3353 Hertzbergii
314 3287 539 3356 commentarius;
562 3285 595 3340 ef.
616 3286 735 3342 eiusdem
754 3287 958 3343 observationes
976 3289 1006 3342 in
1023 3274 1129 3358 aliquot
1138 3291 1204 3347 Pro·

115 3376 202 3444 pertii
230 3375 305 3430 locos
330 3375 522 3446 (Helberstadt
543 3377 622 3445 1836)
650 3379 703 3444 p.6
717 3391 756 3444 sq.
776 3375 859 3444 Prop.
878 3377 903 3429 V
923 3379 947 3444 6,
966 3381 984 3430 4
1001 3378 1054 3432 huc
1072 3395 1126 3434 non
1145 3394 1205 3448 per-

115 3465 196 3518 tinet.
217 3490 251 3500 -
271 3463 351 3518 Plato
370 3465 427 3519 Ion.
446 3467 536 3519 534A
557 3466 655 3536 λέγουσι
673 3466 719 3536 γὰρ
740 3463 865 3536 δήπουθεν
884 3466 947 3537 πρὸς
965 3467 1033 3538 ἡμᾶς
1052 3468 1075 3519 οἱ
1093 3471 1203 3540 ποιηταὶ,

115 3553 156 3606 ὅτι
174 3553 224 3606 ἀπὸ
244 3561 346 3625 κρηνῶν
366 3554 520 3626 μελιρρὺτων
539 3555 568 3608 ἐκ
587 3553 699 3608 Μουσῶν
718 3557 809 3626 κήπων
835 3563 910 3608 τινῶν
934 3558 977 3608 καὶ
1002 3564 1089 3610 ναπῶν
1113 3558 1201 3629 δρεπό-

116 3661 188 3712 μενοι
207 3643 238 3693 τὰ
259 3642 321 3714 μέλη
342 3643 403 3714 ἡμῖν
424 3644 538 3714 φέρουσιν
558 3643 642 3716 ὥσπερ
661 3645 687 3696 αἱ
706 3644 817 3713 μέλιτται
846 3660 901 3698 non
925 3645 1040 3700 haustus
1063 3660 1097 3700 ex
1121 3646 1203 3702 fonti·

113 3733 167 3786 bus
188 3739 311 3798 sumptos
331 3731 421 3786 dicere
439 3731 555 3800 videtur,
574 3732 622 3788 sed
640 3732 722 3788 fiores
742 3748 758 3787 a
777 3732 893 3788 fontium
911 3735 1033 3802 margine
1051 3751 1163 3792 messos.

189 3819 218 3888 2)
238 3820 368 3888 exemplis
393 3819 543 3874 Burmanni
571 3822 609 3892 (p.
628 3823 692 3892 500)
721 3821 786 3877 addi
814 3830 928 3890 possunt
957 3823 1004 3878 Ov.
1023 3823 1087 3878 fast.
1116 3826 1201 3881 1466

116 3907 237 3979 „diriget
255 3909 284 3962 in
301 3909 388 3963 medio
408 3910 468 3978 quis
487 3925 547 3964 mea
566 3911 626 3966 vela
644 3909 751 3966 freto?“
789 3912 817 3964 Π
835 3915 851 3965 3
886 3927 973 3982 „nuuc
991 3912 1108 3981 primum
1126 3914 1202 3984 velis,

116 3999 204 4068 elegi,
232 3999 381 4055 maioribus
406 4000 489 4070 itis“;
517 4001 558 4054 ΙΠ
575 4003 628 4056 790
660 4001 723 4071 „des
750 4002 859 4070 ingenio
886 4003 947 4057 vela
971 4003 1097 4071 secunda,
1124 4007 1200 4061 meo“

115 4088 243 4160 (respicit
261 4089 307 4142 hic
326 4087 499 4157 Propertium
525 4090 564 4144 IV
586 4093 661 4158 17‚2
695 4091 746 4161 „da
769 4092 836 4145 mihi
863 4098 962 4160 pacato
990 4093 1050 4150 vela
1074 4095 1201 4164 secunda,

114 4177 245 4248 pater“);
273 4177 306 4232 ef.
327 4175 591 4249 Ov.fast.11863;
619 4180 657 4234 IV
678 4184 711 4235 18
730 4188 756 4237 et
773 4184 841 4252 730;
870 4180 1030 4250 art.1772;
1059 4183 1151 4238 11199
1170 4191 1198 4240 et

115 4269 185 4336 7483
213 4280 278 4320 rem.
298 4269 365 4336 8113
393 4267 465 4322 trist.
484 4267 511 4321 Π
529 4270 597 4338 546;
626 4269 709 4338 Verg.
727 4286 768 4338 ge.
787 4271 814 4324 Π
832 4273 883 4340 413
902 4270 971 4325 Stat.
986 4270 1045 4326 silv.
1058 4271 1097 4326 IV
1109 4275 1134 4340 4,
1145 4275 1194 4342 89;

118 4355 227 4411 Nemes.
246 4371 337 4426 cyneg.
357 4357 392 4410 58
411 4372 468 4424 sqq.
