2806 4808
585 413 672 472 ,59

195 583 329 664 Saepius
344 581 431 648 dolet
447 580 644 663 Propertius,
667 579 774 643 nihil
799 579 987 654 valuisse
1008 579 1057 644 ad
1082 599 1192 645 aver-

105 687 275 754 tendam
297 692 480 752 mortem.
528 684 566 751 91.
592 685 636 748 Ν
664 689 716 766 18,
744 689 779 748 11
805 702 853 764 sq.

204 791 279 875 quid
303 810 406 876 genus
430 795 485 856 aut
508 790 609 854 virtus
634 794 691 854 aut
714 787 835 870 optima
856 787 977 869 profuit
1000 787 1048 852 illi

243 900 349 960 mater
372 912 428 976 eqs

111 1004 147 1065 et
169 999 198 1065 V
224 1005 273 1082 11,
299 1006 335 1065 11
362 1017 408 1081 sq.

199 1103 275 1186 quid
299 1102 377 1168 mihi
401 1103 584 1187 coniugium
607 1103 709 1185 Pauli,
733 1103 810 1184 quid
833 1121 945 1169 currus
968 1121 1099 1170 avorum

243 1209 365 1294 profuit
388 1215 444 1276 aut
466 1209 572 1275 famae
595 1210 732 1294 pignora
755 1214 848 1275 tanta
870 1211 985 1275 meae?
1014 1227 1070 1291 eqs

112 1315 205 1382 Ovid.
229 1316 416 1398 9911119,
440 1320 476 1380 21

202 1421 278 1504 quid
300 1427 396 1504 pater
418 1423 574 1504 Ismario,
598 1421 674 1504 quid
696 1427 802 1487 mater
824 1421 945 1503 profuit
969 1423 1121 1504 Orpheo?
1145 1442 1202 1504 eqs

118 1525 159 1592 cf.
184 1524 338 1592 Huebncr
359 1547 390 1608 p.
418 1532 477 1591 168
501 1545 547 1608 sq.
560 1525 601 1609 1);
639 1544 773 1607 eamque
798 1527 993 1592 sententiam
1015 1527 1203 1609 Propertius

114 1648 241 1712 quoque
263 1630 418 1712 exemplis
441 1650 479 1696 ex
501 1631 700 1715 mythologia
723 1631 835 1712 petitis
859 1637 992 1697 exornat
1014 1632 1059 1697 IV
1084 1639 1133 1715 18,
1161 1637 1200 1698 27

202 1733 302 1800 Nirea
324 1753 385 1799 non
409 1733 519 1817 facies,
543 1753 604 1798 non
627 1734 676 1800 119
699 1734 818 1799 9191911
839 1735 996 1800 Achillem
1006 1733 1041 1820 ²).

114 1841 224 1922 Idem,
259 1859 299 1906 ne
323 1840 477 1905 Croesum
501 1838 629 1920 quidem
654 1839 775 1904 divitiis
798 1844 935 1904 mortem
974 1839 1126 1924 effugIsse
1158 1841 1205 1906 ait

114 1946 161 2011 IV
187 1950 242 2028 18,
267 1949 307 2010 28
331 1943 370 2010 cf.
394 1943 438 2008 IV
463 1941 609 2026 5,17³).
657 1942 782 2007 Taedet
806 1961 915 2008 omnes
938 1942 1084 2024 proferre
1105 1945 1203 2028 locos,

117 2049 234 2134 quibus
245 2052 296 2117 vel
313 2051 471 2117 ditissimo
485 2051 598 2131 cuique
612 2050 697 2115 diem
719 2067 902 2131 supremum
915 2049 1097 2116 obeundum
1120 2068 1202 2128 esse,

118 2158 259 2241 legatur.
298 2155 385 2221 Satis
396 2155 449 2238 sit,
462 2155 682 2220 demonstrato
696 2153 928 2238 epigrammate
941 2154 1105 2220 Leonidae
1117 2154 1205 2220 anth.

35 2265 37 2268 ’
117 2263 187 2328 Ρ91.
211 2262 273 2327 VII
295 2268 358 2329 740

207 2369 222 2429 h
245 2365 310 2454 πρὶν
332 2365 381 2429 καὶ
407 2365 489 2452 Γύγῃ
513 2365 727 2452 παρισεύμενος
751 2367 848 2453 ὄλβον,
873 2368 888 2428 ὁ
911 2365 944 2430 τὸ
967 2366 1032 2453 πρὶν

254 2470 425 2558 βουπάμων,
451 2473 466 2533 ὁ
489 2470 553 2556 πρὶν
578 2470 716 2543 πλούσιος
741 2471 893 2556 αἰπολίοις,

211 2575 314 2662 tepla
337 2613 381 2624 —
403 2577 430 2638 τί
452 2576 546 2639 πλείω
572 2577 739 2660 μοθεῦμαι;
764 2577 779 2637 ὁ
802 2579 874 2639 πᾶσι
898 2579 1055 2662 peropaca

251 2687 317 2768 φεῦ,
343 2683 430 2767 γαίης
453 2683 544 2767 docnt,
568 2682 654 2745 ὅσσον
679 2679 743 2767 ἔχει
767 2683 866 2766 μόριον
902 2760 904 2764 .

120 2853 193 2908 uude
211 2854 277 2909 Leo.
296 2871 364 2909 mus.
384 2855 470 2909 Rhea.
490 2854 592 2908 XXXV
611 2869 637 2922 p.
656 2856 708 2908 444
728 2854 863 2922 „atrocis“
884 2870 935 2922 pro
956 2860 1015 2922 „est
1036 2854 1122 2908 torvP
1142 2853 1208 2909 scri·

119 2942 186 2996 bere
204 2943 291 3011 vult),
316 2958 394 3011 99991
422 2942 548 2998 99119199
577 2959 635 2998 9919
663 2958 743 2997 versu
763 2947 796 2996 10
815 2943 1021 3012 epigrammatis
1040 2945 1092 2997 256
1109 2943 1209 2997 Kaibel

120 3033 205 3092 κοινὸς
223 3033 275 3086 ἐπεὶ
293 3033 393 3092 θνατοῖς
413 3034 426 3086 ὁ
445 3035 521 3092 πλόος
540 3036 573 3092 εἰς
592 3035 727 3106 φθιμένους
747 3034 782 3087 al.

197 3123 223 3192 1)
241 3121 275 3178 cf.
295 3124 377 3178 etlam
395 3123 477 3192 Prop.
497 3123 535 3177 IV
554 3126 579 3192 5,
600 3124 632 3177 15
651 3139 724 3194 sqq.;
752 3123 861 3177 Lucret.
880 3121 920 3175 III
945 3123 1013 3176 1025
1033 3137 1107 3192 sqq.3
1126 3121 1209 3176 Pseu·

121 3215 267 3286 dophocyl.
289 3218 340 3270 109
359 3231 417 3285 999.

196 3305 223 3375 2)
242 3321 356 3374 quorum
375 3303 532 3373 pulcritudo
553 3311 634 3373 atque
653 3304 786 3359 fortitudo
813 3305 842 3358 in
860 3305 1034 3373 proverqum
1053 3304 1155 3360 abiisse
1174 3305 1212 3359 vi·

122 3393 222 3449 dentur
247 3393 280 3448 ol.
306 3393 475 3449 Boissonade
500 3393 535 3449 ad
554 3394 761 3449 Constantinum
788 3394 936 3450 Manassen
954 3395 1021 3448 VIII
1041 3397 1118 3463 199.
1139 3397 1211 3465 43⁰3

122 3483 158 3538 ad
177 3483 380 3539 Aristaenetum
409 3499 451 3551 99,
471 3483 536 3537 127
562 3499 589 3551 p.
609 3483 673 3552 5993
701 3483 837 3538 Charitl
867 3488 897 3552 1,
918 3487 941 3538 3.
979 3484 1022 3538 Ad
1049 3485 1211 3540 sententiam

121 3571 210 3640 magis
228 3571 367 3640 Propertii
385 3572 491 3627 aceedit
509 3573 646 3627 Lucienus
666 3572 730 3626 dial.
749 3580 828 3629 mort.
850 3577 893 3640 18,
920 3578 942 3642 1,
962 3573 1009 3628 ubi
1027 3574 1159 3643 Menippo
1178 3590 1212 3629 ex

122 3661 263 3716 Mercurio
293 3662 438 3731 quaerenti
466 3667 514 3714 ποῦ
543 3662 566 3714 91
585 3662 658 3714 καλοί
685 3662 743 3715 εἰσιν
771 3662 941 3733 99119111,
970 3662 1118 3731 respondet
1146 3664 1212 3721 deus

124 3749 181 3803 κατ’
201 3749 281 3803 ἐκεῖνο
300 3750 459 3822 ἀπόβλεψον,
487 3752 527 3804 ἐπὶ
545 3753 576 3804 τὰ
595 3751 674 3814 δεξιά,
703 3751 764 3804 ἔνθα
784 3751 798 3804 ὁ
814 3749 950 3811 Ὑάκινθός
968 3754 995 3806 τέ
1014 3753 1064 3805 ἐστι
1082 3753 1125 3807 καλ
1143 3751 1212 3827 Νάρ-

124 3856 208 3899 κισσος
227 3841 270 3894 καὶ
289 3838 379 3912 Νιρεὺς
397 3842 440 3893 καὶ
459 3839 582 3913 Ἀχιλλεὺς
598 3842 649 3894 act.

196 3928 224 3998 8)
242 3928 405 3998 Propertius
424 3929 581 3986 divitiarum
602 3937 790 4000 contemptor,
810 3931 984 4000 paupertatis
1004 3931 1132 3987 laudator
1151 3931 1212 4000 plus

127 4020 224 4086 semel,
253 4025 284 4072 ut
308 4025 352 4075 tot
371 4019 434 4087 alil,
460 4020 574 4087 existit,
603 4036 657 4088 qua
681 4019 714 4074 de
740 4021 877 4075 sententia
896 4020 1045 4089 inspicias,
1073 4022 1097 4076 si
1114 4023 1214 4090 placet,

125 4107 256 4164 Huschke
269 4125 311 4178 ep.
331 4109 391 4165 crit.
412 4125 438 4178 p.
453 4113 486 4165 88
506 4126 546 4179 sq.
558 4130 565 4180 ;
584 4110 660 4166 Baoh
671 4110 769 4165 Philet.
787 4126 815 4178 p.
826 4112 860 4163 62
880 4125 938 4180 99.;
958 4109 1086 4178 Zingerle
1098 4110 1111 4164 I
1124 4126 1150 4178 p.
1164 4114 1214 4181 88;

128 4198 240 4254 Stobaei
258 4197 423 4268 florilegium
443 4216 501 4268 cap.
521 4199 610 4254 xonl
625 4207 652 4255 ct
665 4200 739 4255 XCV
759 4199 794 4254 al.
815 4231 847 4239 -
868 4199 963 4254 Croesi
982 4199 1092 4254 divitias
1111 4200 1139 4253 in
1152 4215 1214 4255 oon·

133 4287 303 4346 suetudinem
322 4290 461 4359 proverbii
480 4290 586 4347 venisse
614 4290 714 4344 nemini
733 4295 775 4344 991
794 4290 925 4358 ignotum.
962 4286 996 4342 91.
1015 4288 1136 4344 Leutsch
1153 4304 1215 4359 991-

131 4393 197 4434 cem.
220 4376 267 4433 Gr.
285 4379 313 4432 11
330 4394 357 4447 p.
376 4381 410 4434 87
429 4379 464 4434 al.
