2806 4808
641 345 680 402 33

202 509 241 582 εἰς
267 508 347 572 ddum
371 508 454 594 ὄμμα
476 509 600 588 riunire,
626 511 697 572 πότε
720 509 826 592 γλυκὺς
842 503 996 595 Ἕσπερος
1019 507 1094 596 ἔλθῃ
1112 509 1135 595 ¹)

200 613 250 678 καὶ
275 613 397 700 δολιχὴν
423 616 596 688 Φαέθοντος
621 615 771 702 ἐμέμφετο
796 616 907 680 δείελον
933 618 1012 701 ὥρην

112 719 153 785 cl.
179 720 268 786 XLII
293 724 332 785 52

198 823 323 890 Ἠέλιον
348 823 505 906 λιτάνευεν,
531 827 734 890 οπισῦοτόνων
759 823 805 889 ἐπὶ
831 825 943 912 δίφρων
970 876 976 888 .
1003 875 1010 888 .
1036 875 1043 890 .

204 929 342 1014 μηκύνειν
369 930 460 1012 γλυκὺ
484 932 603 1016 φέγγος,
628 931 674 995 ἵνα
700 930 809 1019 βραδὺς
833 933 874 1003 εἰς
897 932 978 996 δύσιν
1002 931 1120 1023 ἐ’λθῃῗ),

113 1031 171 1100 ubi
193 1035 340 1102 Bacchus
362 1037 487 1102 Beroen
511 1037 647 1103 intuitus
671 1039 777 1104 Solem
802 1039 995 1120 adloquitur.

202 1141 308 1222 Atque
333 1142 412 1207 haec
435 1140 544 1224 habui,
570 1160 652 1223 quae
676 1144 717 1208 de
741 1144 911 1209 sententiis
935 1143 1102 1210 amatoriis
1124 1142 1203 1208 Pro-

112 1245 212 1326 pertii
236 1245 375 1311 Graecis
399 1244 585 1312 auctoribus
610 1247 809 1313 vindicandis
833 1248 1051 1330 disputarem:
1086 1266 1148 1328 qua
1171 1247 1204 1311 in

116 1453 310 1540 gravissima
342 1461 470 1520 tantum
501 1455 586 1540 elegi
617 1461 714 1536 atque
745 1476 782 1520 ex
806 1455 920 1536 quibus
943 1455 1116 1522 manifesto
1140 1456 1205 1520 dis-

116 1568 322 1644 cerneretur,
354 1569 462 1629 utrum
496 1563 637 1647 aPaulo
670 1562 853 1629 Silentiario
884 1564 1046 1646 Propertii
1078 1563 1203 1648 elegiae

116 1685 291 1748 expressae
321 1668 458 1733 fuissent
488 1687 597 1733 necne.
644 1669 713 1733 Iam
745 1669 936 1734 accedamus
969 1669 1011 1734 ad
1049 1665 1207 1750 propositi

117 1771 222 1836 nostri
244 1772 382 1838 alteram
404 1778 549 1855 partem,
580 1792 660 1854 quo,
692 1773 784 1853 ipsa
806 1773 1030 1855 Propertii
1054 1777 1203 1838 amato·

118 1875 277 1942 riorum
301 1878 533 1943 carminum
558 1883 808 1960 argumenta
838 1897 911 1943 num
942 1878 984 1943 ad
1014 1877 1207 1944 veteriorem

121 1979 1207 2065 quendemauctoremperducerenobisconcessumsit,quaeremus.

207 2086 251 2151 Et
273 2086 377 2168 primo
403 2086 532 2168 quidem
559 2087 667 2152 oculos
690 2086 897 2152 advertamus
920 2087 962 2152 ad
986 2086 1125 2172 elegiam
1146 2086 1205 2168 12,

120 2188 211 2256 cuius
235 2196 460 2275 argumentum
482 2191 594 2272 paucis
616 2189 725 2256 verbis
749 2209 934 2272 expressum
956 2191 1016 2255 hoc
1040 2196 1108 2255 est:
1132 2195 1205 2255 orat

122 2300 221 2377 poeta
241 2295 423 2378 Cynthiam,
447 2314 495 2360 ne
518 2296 641 2360 nimio
666 2295 784 2362 cultu
807 2299 932 2376 atque
956 2300 1205 2360 ornamento

122 2399 1078 2481 arcessitonativamperdatpulcritudinem.
1123 2397 1207 2462 Nam

122 2524 206 2587 quae
218 2503 314 2584 nullis
333 2502 458 2569 artibus
472 2502 639 2587 debeatur,
662 2504 799 2570 formam
810 2503 984 2588 genuinam
995 2502 1132 2568 maxime
1144 2500 1206 2567 sibi

122 2610 262 2692 plaeere,
286 2609 398 2691 quales
415 2613 449 2674 et
461 2613 597 2673 naturae
610 2609 823 2674 amoenitates
838 2627 874 2674 se
886 2605 1023 2672 offerant
1035 2612 1068 2672 et
1083 2606 1207 2688 prisca·

121 2732 194 2780 rum
215 2713 383 2780 heroidum
405 2713 481 2778 olim
497 2712 595 2778 fuerit
609 2713 743 2793 species.
789 2713 878 2790 Quae
901 2717 1037 2793 restant,
1060 2711 1093 2776 in
1109 2729 1206 2792 quae·

122 2819 260 2885 stionem
277 2825 421 2884 nostram
439 2836 501 2883 non
514 2817 642 2883 cadunt.
689 2818 793 2898 Atque
813 2816 1038 2899 casamentis,
1053 2815 1138 2882 unde
1153 2834 1206 2881 ex·

122 2929 196 2990 orta
219 2929 270 2989 est
291 2923 372 2988 haec
396 2922 511 3008 elegio,
535 2921 676 3003 puellam
687 2920 832 3002 pulcram
850 2920 953 2987 forma
975 2920 1085 2986 nativa
1100 2919 1207 3004 magis

123 3028 263 3110 placere,
277 3045 371 3108 quarn
385 3025 547 3092 extraneis
561 3025 814 3106 adventiciisque
826 3025 1032 3108 ornamentis,
1043 3030 1076 3090 et
1088 3025 1121 3089 in
1132 3042 1207 3106 pro·

122 3133 235 3216 patulo
249 3133 356 3214 posita
372 3137 470 3198 estet
486 3130 675 3212 saepissime
690 3130 775 3211 apud
789 3136 916 3197 veteres
931 3130 1105 3212 scriptores
1119 3129 1207 3194 inve-

123 3237 221 3320 nitur,
238 3237 285 3303 ita
302 3242 338 3303 ut
362 3237 537 3304 cavendum
555 3236 608 3318 sit,
630 3253 680 3318 ne,
704 3235 732 3300 si
748 3235 833 3316 apud
845 3234 925 3301 duos
940 3240 1054 3316 poetas
1067 3236 1206 3320 legatur,

199 3495 226 3561 1)
244 3492 313 3546 haec
332 3489 451 3546 fortasse
470 3484 616 3546 secundum
634 3489 782 3545 Homerum
801 3489 851 3544 0d.
869 3509 882 3541 ν
900 3491 944 3542 29.

196 3582 225 3652 2)
243 3582 295 3637 hoc
313 3580 373 3635 loco
393 3597 416 3633 v.
435 3582 470 3634 49
488 3595 595 3649 quoque
612 3580 778 3634 imitatorem
796 3576 1043 3634 Alexandrinorum
1061 3587 1122 3628 esse
1135 3572 1208 3628 Non·

124 3686 189 3725 num
207 3685 292 3738 supra
311 3667 562 3724 demonstravimus.

201 3759 252 3814 His
272 3755 336 3812 addi
359 3763 475 3825 possunt
492 3754 623 3810 Dracont.
642 3755 681 3808 VI
705 3755 755 3808 115
773 3769 848 3822 sqq.;
872 3751 961 3808 Noun.
979 3751 1060 3807 Dion.
1079 3749 1131 3804 VH
1156 3751 1208 3804 307

126 3847 266 3917 Meleager
290 3846 365 3902 anth.
391 3845 449 3899 Pal.
468 3844 493 3900 V
513 3846 563 3898 172
582 3851 610 3898 et
630 3846 681 3897 173
700 3850 727 3897 et
745 3843 798 3896 XII
816 3845 880 3912 114;
906 3841 958 3896 inc.
984 3841 1058 3894 anth.
1077 3840 1136 3895 Pal.
1156 3841 1209 3894 XII

128 3939 179 3990 136
195 3936 311 4007 aliaque.
349 3935 785 4005 Singulariterhancsententiam
803 3939 997 4003 expresserunt
1010 3931 1121 3986 Ovidius
1135 3931 1210 3984 aml

127 4029 170 4094 13,
184 4029 218 4080 37
239 4026 331 4094 „illum
349 4025 521 4096 (Tithonum)
539 4025 602 4079 dum
622 4022 725 4092 refugis
741 4024 873 4094 (Aurora)
893 4024 981 4092 longe,
1000 4022 1064 4090 quia
1079 4019 1209 4090 grandior

124 4130 205 4181 aevo,
234 4115 324 4182 surgis
344 4112 379 4168 ad
397 4112 499 4168 invisas
519 4129 535 4167 a
555 4128 619 4167 sene
644 4127 722 4166 mane
746 4113 838 4166 rotas“
866 4118 894 4164 et
918 4111 1065 4177 Antipater
1084 4109 1208 4162 Thessal.

124 4205 200 4258 anth.
219 4203 278 4257 Pal.
297 4202 321 4256 V
344 4206 360 4255 3
384 4204 514 4275 γηράσκεις
534 4199 554 4254 T
557 4201 632 4254 ιθωνέ
651 4203 707 4264 art,
737 4217 815 4269 quem
834 4209 943 4255 secutus
962 4206 1004 4253 est
1023 4198 1136 4251 Nicetes
1154 4196 1209 4250 Eu-

124 4291 424 4360 mwfflmR
