2806 4808
747 365 787 425 54

227 557 282 604 eos
305 537 441 618 vixisse,
472 553 581 600 eorum
603 552 656 598 res
680 553 742 599 non
765 531 875 616 fictaS,
909 533 967 598 sed
989 551 1084 598 veras
1108 533 1140 596 in
1161 532 1213 597 his
1236 551 1313 598 car·
1386 547 1387 552 ’

228 639 366 708 minibus
389 639 517 723 respici,
541 639 592 704 vix
615 639 794 721 quisquam,
817 643 854 703 ut
876 637 942 702 iam
964 655 1062 718 supra
1085 636 1203 721 monui,
1226 637 1317 702 serio
1383 646 1385 655 ·

230 744 378 832 negabit3
400 752 469 812 tum
491 746 555 812 iter
577 745 656 810 illud
670 745 837 828 Cynthiae,
861 744 951 810 cuius
974 743 1119 809 meminit
1141 744 1318 826 poetalis,

231 871 324 918 nemo
360 869 501 933 unquam
539 848 669 916 docebit
705 848 832 931 fictum,
867 867 960 914 nemo
1007 846 1166 914 aemulum
1215 847 1318 929 illum,

230 961 416 1040 praetorem
445 955 626 1037 Illyricum,
657 953 833 1039 diligenter
867 952 1065 1034 descriptum
1088 957 1185 1032 atque
1208 951 1318 1037 desig·

232 1067 344 1127 natum
372 1079 411 1125 ex
434 1060 532 1125 animi
558 1059 704 1125 sollertia
730 1059 895 1124 inventum
918 1076 990 1122 esse
1013 1058 1064 1122 vel
1086 1074 1249 1138 nunquam
1272 1056 1319 1120 vi-

231 1168 318 1233 xisse
352 1165 414 1249 (ΙΙΙ
445 1165 508 1249 16).
563 1164 663 1229 Porro
696 1182 735 1228 ex
764 1163 866 1244 ipsius
904 1169 1022 1244 poetae
1056 1163 1124 1228 vita
1158 1160 1320 1227 fluxerunt

234 1275 426 1356 argumenta
453 1268 656 1334 carminuml
675 1273 708 1332 ll
731 1267 901 1350 Cynthium
915 1268 993 1332 Bais
1015 1272 1320 1332 versantemosten-

235 1374 341 1442 dentis
374 1379 470 1454 atque
504 1373 520 1437 Ι
545 1377 583 1437 12
614 1377 745 1454 poetam
776 1370 946 1437 discidium
967 1371 1096 1453 puellae
1121 1376 1318 1452 querentem.

235 1481 340 1561 Atque
364 1496 442 1544 sane
472 1477 593 1544 senthe
627 1475 720 1542 nobis
753 1476 917 1559 videmur,
952 1476 1124 1558 Cynthiam
1150 1476 1319 1558 Propertio

237 1584 456 1651 abalienatam
474 1583 504 1666 (Ι
529 1588 584 1662 15;
608 1582 640 1645 ΙΙ
652 1581 686 1664 8)
711 1581 841 1664 doloris,
865 1580 1028 1647 faventem
1052 1582 1113 1663 (ΙΙΙ
1139 1582 1193 1664 14)
1210 1579 1321 1668 gaudii

235 1708 330 1755 veras
353 1706 469 1754 causas
492 1687 632 1752 dedisse.
678 1686 732 1751 Ira
749 1705 873 1767 quoque
897 1687 963 1769 illa,
987 1706 1050 1768 qua
1074 1692 1188 1752 contra
1211 1704 1319 1752 aemu-

236 1794 284 1860 los
308 1812 382 1859 suos
403 1793 552 1858 incensus
575 1798 646 1859 erat
677 1792 722 1875 (ΙΙ
746 1797 764 1855 6
789 1797 821 1856 et
846 1797 881 1871 93
911 1791 959 1854 ΙΙΙ
983 1791 1025 1855 24
1049 1791 1067 1855 b
1092 1797 1125 1856 et
1149 1792 1216 1874 25),
1240 1791 1322 1857 veri·

237 1904 341 1963 tatem
363 1897 486 1979 spirat3
516 1915 592 1961 vero
623 1901 657 1960 et
686 1894 793 1961 subito
824 1895 944 1980 gaudio
978 1895 1143 1978 incensus,
1177 1897 1323 1978 siquem

238 2021 330 2068 suum
353 2019 465 2068 sonum
494 1998 593 2065 habet
630 2018 742 2065 sensus
774 2018 868 2065 verus
900 2005 933 2065 et
964 2017 1136 2083 praesens,
1161 1999 1324 2066 exultatl

239 2107 317 2186 8b3
340 2106 467 2189 puellae
490 2105 637 2171 morbum
665 2105 790 2170 sincere
814 2104 960 2186 queritur
983 2104 1171 2186 Propertius
1194 2103 1323 2182 111283

239 2230 341 2293 neque
376 2211 525 2276 simulato
561 2209 671 2274 dolore
704 2209 874 2290 cynthiam
910 2209 1032 2274 deserit
1063 2208 1115 2274 lv·
1143 2213 1184 2274 24
1218 2214 1251 2276 et
1281 2213 1323 2274 25

240 2314 455 2398 (cf.11111).

327 2419 392 2486 Sed
424 2419 478 2500 qui
500 2417 593 2484 Pauli
616 2418 794 2484 Silentiarii
825 2419 1063 2505 epigrammata
1092 2420 1253 2486 amatoria
1273 2418 1324 2483 in·

240 2524 371 2606 spiciet,
406 2522 680 2588 considerationes
708 2523 849 2589 inveniet
882 2523 1061 2605 permultas
1092 2523 1232 2589 omnium
1255 2521 1325 2588 lere

241 2629 434 2711 scriptorum
457 2627 651 2693 eroticorum
674 2645 875 2711 communes,
899 2627 1116 2714 cogitationes
1138 2628 1325 2714 vulgatissi-

242 2750 330 2815 mas,
360 2731 538 2796 sententias
561 2731 741 2796 rhetoricas
776 2737 874 2813 atque
906 2732 1106 2798 extrinsecus
1139 2733 1326 2815 acquisitas,

244 2836 419 2901 carminum
428 2841 620 2920 argumenta
629 2855 711 2917 qnae
722 2854 783 2900 non
800 2855 838 2902 ex
853 2837 953 2919 ipsius
966 2843 1083 2918 poetae
1097 2838 1165 2904 vita
1180 2837 1327 2920 profecta

242 2940 514 3020 essevideantur3
538 2940 616 3005 nihil
630 2939 699 3007 fere
721 2941 754 3006 in
776 2942 826 3006 his
848 2941 896 3008 ita
910 2943 1089 3028 legentium
1112 2943 1236 3010 animos
1258 2963 1326 3010 mo·

241 3049 313 3126 vet,
342 3049 378 3109 ut
399 3062 527 3127 verum,
562 3063 623 3126 quo
655 3045 790 3111 affectus
814 3047 856 3112 sit
878 3053 992 3130 poeta,
1027 3067 1137 3115 casum
1161 3048 1326 3131 depictum

243 3167 315 3214 esse
348 3149 544 3230 existiment3
579 3169 736 3234 nusquam
758 3151 860 3218 sinaei
892 3171 1008 3218 verone
1032 3172 1129 3220 sensu
1150 3160 1248 3236 poeta
1274 3173 1326 3220 ex-

243 3254 403 3334 ardescit;
428 3272 468 3318 ne
490 3255 614 3336 puellas
638 3256 785 3339 quidem,
809 3277 828 3322 a
852 3253 965 3338 quihus
989 3277 1024 3324 se
1048 3278 1158 3324 amore
1181 3278 1252 3326 esse
1277 3260 1325 3325 in·

244 3377 375 3423 censum
397 3356 500 3443 fingit,
523 3377 559 3423 re
581 3378 658 3425 vera
681 3359 797 3425 virdsse
820 3361 985 3442 putaveris
998 3361 1032 3446 ¹).
1079 3363 1129 3428 Ad
1152 3364 1246 3430 huius
1270 3384 1328 3450 ge·

244 3463 331 3530 neris
354 3468 545 3548 argumenta
566 3462 708 3546 pertinet
740 3482 851 3530 amaus
875 3464 915 3530 de
937 3465 1041 3533 noctis
1064 3465 1226 3534 brevitate
1249 3486 1328 3550 que-

244 3587 319 3636 rens
342 3568 444 3653 (anth.
467 3568 535 3634 Pal.
559 3568 700 3652 V283);
735 3575 833 3651 poeta
856 3572 975 3637 amoris
999 3571 1163 3639 doloribus
1185 3592 1328 3640 marces-

246 3692 320 3740 cens
344 3671 400 3757 (ih.
426 3676 486 3738 239
511 3679 544 3740 et
568 3673 663 3756 264);
699 3679 841 3758 amator,
871 3694 933 3756 quo
961 3681 1058 3758 pacto
1080 3677 1208 3759 puellae
1231 3676 1328 3744 disci·

246 3778 333 3844 dium
363 3777 561 3844 toleratums
584 3779 645 3862 sit,
677 3779 823 3845 nesciens
846 3778 905 3862 (iu
926 3779 1006 3862 2543
1039 3780 1079 3846 cf.
1104 3781 1199 3867 241);
1230 3790 1328 3865 poeta

245 3881 397 3948 furtivum
419 3900 561 3948 amorem
585 3882 810 3950 commendans
833 3883 889 3968 (ib.
913 3886 1008 3972 219);
1038 3886 1200 3973 magicam
1220 3887 1328 3956 inesse

248 4013 276 4020 ..-
280 4012 449 4019 --ῇ-ᾐ

321 4057 345 4126 l)
365 4072 479 4126 quarum
491 4059 600 4116 nomina
612 4061 771 4132 plerumque
789 4062 829 4118 ita
848 4069 911 4120 suut
921 4063 1099 4133 conformata,
1119 4071 1149 4120 ut
1167 4073 1216 4121 aut
1234 4081 1327 4122 eorum

245 4146 322 4214 origo
342 4145 377 4200 ad
396 4161 514 4202 amorem
531 4149 574 4203 vel
593 4150 802 4218 pulcritudinem
819 4159 941 4223 spectet,
968 4160 998 4210 ut
1017 4154 1159 4225 Philinus,
1191 4155 1327 4226 Chariclo,

245 4234 388 4304 Rhodope,
406 4243 454 4290 aut
473 4252 506 4291 ex
526 4239 638 4308 antiqua
650 4240 768 4296 historia
781 4244 823 4297 vel
842 4243 1008 4314 mythologie
1020 4245 1108 4313 petita
1127 4245 1191 4315 siut,
1211 4255 1240 4302 ut
1253 4245 1327 4316 Lais,

245 4324 364 4393 Sappho,
384 4326 508 4398 Galatea,
525 4327 608 4386 Doris
637 4331 672 4386 al.
