2806 4808
643 395 682 454 13

111 559 268 640 Accedit,
292 560 376 641 quod
401 559 612 639 Claudianus,
637 561 768 625 sedulus
789 561 844 626 ille
869 566 1012 628 sectator
1033 568 1201 644 poetarum

113 664 414 744 Alexandrinorum,
444 665 484 730 de
506 665 560 730 VI.
584 665 753 731 consulatu
774 665 909 731 Honorii
930 667 1043 748 praef,
1067 668 1202 734 similem

111 771 334 836 narrationem
357 770 467 837 multis
490 772 687 836 ornamentis
709 775 835 836 auctam
859 770 1005 838 exhibet:
1030 774 1201 840 rumonim

114 893 237 954 omnes,
272 893 354 956 quae
381 875 433 939 die
456 873 563 940 iacere
590 875 845 956 consuevissent,
878 876 911 940 in
935 878 1054 944 somnis
1077 883 1201 945 retrac-

112 984 189 1045 tare
212 977 274 1045 sibi
296 978 498 1060 viderentur,
533 979 653 1046 factum
677 999 766 1060 esse,
800 985 837 1046 ut
867 986 964 1063 poeta
995 987 1070 1048 ante
1093 984 1201 1049 Iovem

114 1084 149 1148 in
173 1083 295 1150 somnio
319 1089 459 1149 caneret.
511 1083 623 1166 Neque
651 1082 767 1150 falsam
789 1085 889 1150 luisse
918 1086 1000 1152 hanc
1022 1087 1201 1169 imaginem.

114 1187 202 1253 Nam
223 1207 259 1253 re
283 1205 361 1253 vera
384 1192 458 1254 ante
481 1187 605 1267 Iovem,
637 1188 668 1252 h.
693 1207 720 1252 e.
745 1193 820 1254 ante
842 1190 1069 1270 imperatorem
1093 1210 1128 1256 se
1151 1211 1202 1257 ce-

114 1293 243 1359 cinisse.
289 1283 435 1374 Denique
459 1293 499 1358 de
521 1293 662 1358 Homero
686 1313 705 1358 a
729 1293 907 1358 somniante
929 1294 1032 1358 Ennio
1055 1295 1124 1360 viso
1148 1296 1160 1378 (
1180 1295 1202 1360 f.

6 1451 9 1458 .
114 1398 198 1464 Ialm
220 1398 262 1464 ad
284 1398 388 1463 Persii
410 1398 576 1479 prologum
599 1417 629 1478 p.
656 1398 710 1480 74)
734 1398 940 1479 eiusdemque
962 1399 1111 1480 imaginis
1133 1399 1203 1464 imi-

114 1503 241 1568 tatione
263 1501 418 1568 Persiana
441 1501 546 1568 obiter
568 1502 739 1568 admonere
763 1501 843 1568 sotis
875 1503 961 1586 sit1).
1019 1503 1089 1570 Hoc
1119 1503 1204 1569 enim

116 1612 341 1690 argumentum
372 1607 598 1674 Alexandrinis
635 1609 741 1689 poetis
776 1606 1001 1674 vindicandum
1034 1626 1106 1674 esse
1138 1609 1202 1674 iam

114 1712 243 1794 pridem
266 1712 397 1794 Dilthey
421 1711 502 1777 vidit
525 1712 602 1795 Cyd.
625 1733 656 1794 p.
684 1719 722 1777 15
746 1733 776 1776 n.
802 1716 831 1792 2,
863 1713 953 1779 cuius
987 1713 1082 1778 velim
1117 1731 1203 1779 com·

115 1835 216 1899 pares
238 1818 393 1899 exempla.

205 1923 274 1988 Iam
297 1928 507 2004 susceptums
529 1922 749 2005 quaestionem
771 1940 894 2002 meam,
927 1941 991 2004 qua
1021 1922 1111 2004 prius
1138 1923 1203 1989 sin-

114 2028 210 2110 gulas
233 2029 445 2093 sententias
467 2027 688 2106 amatorias,
722 2027 838 2094 deinde
861 2028 1066 2108 elegiarum
1089 2029 1204 2093 eroti-

116 2151 245 2198 carum
275 2136 499 2218 argumenta
526 2131 569 2198 ad
598 2137 747 2197 auctores
778 2150 854 2198 suos
880 2132 1031 2214 persequi
1054 2129 1204 2211 conabor,

115 2256 189 2303 eam
204 2238 368 2319 ingredior
390 2237 483 2316 viam,
508 2242 545 2302 ut
567 2255 707 2316 casuum,
732 2235 847 2318 quibus
870 2235 1003 2302 affectus
1027 2242 1078 2301 est
1098 2242 1205 2318 poeta,

115 2342 263 2408 ordinem
293 2342 405 2408 ducem
434 2339 581 2408 habeam.
637 2342 778 2407 Primum
811 2341 911 2422 igitur
944 2360 1016 2420 eas,
1051 2360 1132 2423 quae
1163 2341 1205 2408 ad

114 2447 279 2527 Propertii
303 2446 421 2511 amoris
444 2446 570 2512 initium
592 2447 765 2528 pertinent,
789 2447 967 2512 sententias
990 2444 1157 2512 enarrabo.

204 2552 248 2616 Et
275 2551 367 2616 initio
396 2550 525 2632 quidem
549 2552 588 2616 de
619 2549 827 2617 celeberrimo
858 2551 928 2617 loco
958 2551 1013 2616 illo
1037 2552 1132 2633 Prop.
1155 2551 1204 2615 ΠΙ

4 2651 7 2658 ’
117 2660 235 2734 15,12
267 2656 388 2740 ,oculi
418 2656 571 2722 suntin
602 2654 888 2722 1111111111111α
920 2653 1019 2721 verba
1050 2655 1128 2720 mihi
1157 2653 1205 2720 ia·

113 2760 231 2827 cienda
253 2766 337 2826 sunt.

204 2865 293 2931 Duas
319 2884 396 2930 vero
420 2865 598 2932 sententias
621 2884 693 2932 cum
708 2871 885 2948 poetarum,
910 2865 1097 2948 quibuscum
1112 2863 1205 2932 nobis

113 2987 172 3061 res
195 2975 255 3048 est,
278 2969 483 3050 interpretes,
508 2976 576 3037 tum
597 2990 637 3035 ne
657 2970 721 3052 ipsi
743 2971 870 3052 quidem
886 2977 1013 3037 veteres
1029 2971 1205 3053 scriptores

53 3149 57 3158 ,
116 3079 269 3141 accurate
293 3073 529 3154 discernebant,
552 3076 645 3155 hanc,
675 3095 771 3158 quam
793 3076 887 3142 modo
912 3077 1025 3156 attuli,
1049 3080 1083 3140 et
1104 3075 1203 3154 illam,

117 3199 215 3262 quam
238 3179 373 3261 legimus
396 3180 533 3262 exempli
555 3181 661 3261 gratia
678 3182 806 3262 Propi
827 3188 886 3261 1‚1
920 3181 1078 3266 ,Cynthia
1100 3181 1205 3262 prima

117 3284 186 3351 suis
215 3284 366 3351 miserum
396 3303 446 3350 me
477 3286 564 3367 cepit
594 3286 736 3366 ocellis“,
771 3286 864 3352 obliti
897 3288 980 3353 enim
1011 3291 1104 3366 sunt,
1138 3287 1205 3353 illic

117 3390 268 3469 amantis,
291 3390 342 3454 hio
366 3395 493 3456 amatae
516 3392 643 3472 puellae
666 3393 775 3457 oculos
793 3389 966 3474 significari
979 3389 1015 3475 ²).
1060 3392 1207 3474 Egerunt

117 3495 159 3560 de
182 3495 234 3560 his
256 3493 421 3560 Iacobsius
451 3495 493 3560 ad
515 3497 650 3564 Paulum
673 3497 728 3562 Sil.
754 3515 803 3578 ep.
827 3496 980 3563 XXXVII
1010 3496 1112 3578 (anth.
1136 3497 1205 3562 Pal.

115 3602 250 3680 V226,
281 3601 374 3664 1111
414 3621 444 3682 p.
473 3602 548 3684 111)
590 3607 623 3667 11
655 3602 696 3668 ad
729 3603 885 3667 Achillem
918 3602 1045 3668 Tatium
1073 3602 1089 3665 I
1119 3605 1149 3680 4,
1173 3605 1204 3679 4,

114 3706 347 3772 Boissonadius
371 3706 412 3771 ad
435 3705 582 3772 Nicotam
606 3707 727 3790 Eugen.
750 3707 858 3772 11121
892 3712 926 3772 11
955 3707 996 3772 ad
1020 3707 1206 3772 Aristaene-

119 3831 328 3840 *ῃ

190 3907 217 3976 1)
237 3905 270 3960 cf.
290 3907 373 3962 etiam
395 3908 509 3962 Bionem
527 3907 564 3961 id.
578 3907 617 3960 IX
635 3908 704 3962 Ahr.
723 3907 775 3978 (111
798 3908 855 3978 al),
883 3907 931 3962 ubi
950 3907 1129 3962 somniantem
1145 3921 1208 3976 poe·

117 4003 176 4051 tam
194 3998 279 4051 Amor
298 3997 421 4052 carmina
440 3997 526 4053 docet.

188 4085 217 4154 2)
237 4086 378 4142 socordius
397 4087 540 4156 usurpavit
567 4086 683 4142 alteram
709 4087 872 4142 sententiam
894 4085 1059 4141 Eustathius
1085 4084 1205 4152 11111

113 4176 173 4233 τοὺς
201 4173 350 4247 ὀφθαλμοὺς
379 4177 552 4249 κατεφίλησα·
582 4177 625 4230 καὶ
650 4175 707 4231 ὅλον
732 4177 765 4235 εἰς
791 4178 837 4248 τὴν
863 4177 949 4249 ψυχὴν
975 4175 1136 4247 ἀνιμησάμην
1161 4173 1205 4227 τὸν

114 4265 217 4336 ἔρωτα·
247 4264 381 4337 ὀφθαλμὸς
399 4268 445 4339 γὰρ
465 4265 558 4340 ἔρωτος
582 4267 666 4338 πηγή,
695 4267 838 4335 utriusque
864 4279 965 4319 memor
990 4264 1076 4319 luisse
1099 4264 1205 4320 videtur

116 4355 251 4422 Apuleius
269 4355 295 4408 X
313 4359 338 4409 3.
