2806 4808
637 369 676 427 45

100 535 119 598 Ι
147 538 186 616 2,
217 533 406 616 Propertius
438 536 453 600 Ι
479 541 528 617 16,
552 537 684 602 Ovidius
707 557 768 602 nm.
793 539 807 602 Ι
831 537 896 621 6¹),
921 540 1111 607 Theocritus
1134 544 1192 627 ΠΙ,

98 640 414 706 Pseudotheocritus
429 641 554 719 XXIII;
579 642 716 723 denique
735 643 1192 730 paraclausithyratamquam

99 745 348 826 compendiaria
368 745 540 811 admodum
557 747 659 812 multa
677 753 788 813 extant
805 746 891 814 inter
911 751 1117 837 anthologiae
1129 754 1190 818 Pa·

98 849 229 916 latinae
264 851 518 934 epigrammata,
552 850 591 916 cf.
616 852 645 917 V
669 857 708 917 23
734 853 903 936 (Gallim),
938 855 1104 922 1116461
1130 862 1189 922 189

99 955 274 1038 (Asclep.),
297 956 325 1020 V
352 961 409 1022 191
437 957 615 1042 (Meleag.),
639 957 684 1021 VI
707 963 745 1022 71
773 959 875 1040 (Paul.
901 959 980 1043 Sil).

193 1061 286 1127 Licet
308 1081 384 1127 vero
401 1061 514 1126 Ovidio
539 1081 601 1127 non
624 1061 804 1145 credamus,
828 1063 881 1145 qui
904 1063 978 1130 fast.
1008 1066 1053 1130 IV
1068 1071 1127 1131 109
1141 1085 1189 1149 sq.

147 1167 271 1247 primus
295 1186 408 1232 amans
432 1185 562 1233 carmen
585 1167 754 1252 vigilatum
776 1174 871 1233 nocte
894 1175 1015 1254 negata

134 1262 137 1268 ’
193 1272 312 1338 dicitur
335 1272 377 1336 ad
400 1271 528 1337 clausas
551 1272 750 1338 concinuisse
773 1271 869 1355 fores,

100 1376 409 1458 paraclausithyron
431 1377 569 1458 primum
592 1376 692 1442 fuisse
714 1377 795 1442 artis
819 1378 968 1459 poeticae
991 1397 1093 1463 genus
1117 1398 1190 1445 con-

98 1482 228 1563 tendit,
262 1481 520 1562 antiquissimum
542 1486 650 1548 tamen
674 1480 774 1547 fuisse
806 1501 944 1565 morem,
975 1488 1012 1549 11
1043 1485 1192 1551 exclusus

101 1591 234 1652 amator
244 1585 360 1651 relicta
376 1586 534 1651 sodalium
554 1585 650 1651 turba
665 1584 690 1670 2)
715 1586 803 1652 solus
819 1594 895 1652 ante
908 1587 1051 1653 clausam
1063 1589 1192 1654 ianuam

102 1696 250 1772 caneret,
276 1691 346 1771 quis
370 1695 420 1755 est
443 1692 497 1772 qui
520 1693 646 1776 neget?
690 1691 817 1757 Primus
840 1698 958 1775 autem,
982 1693 1065 1774 quod
1080 1693 1190 1776 sciam,

100 1797 160 1878 qui
183 1795 357 1861 memoriae
383 1795 526 1877 prodidit
557 1795 624 1860 tale
658 1815 787 1861 carmen
821 1796 862 1861 ad
896 1796 1061 1878 popularis
1083 1797 1192 1879 poesis

100 1900 252 1981 exempla
281 1900 510 1982 compositum,
545 1901 683 1966 Alcaeus
716 1900 785 1965 fuit.
833 1900 872 1966 cf.
909 1901 977 1966 eius
1009 1900 1125 1986 fragm.
1151 1907 1190 1967 56

100 2007 141 2070 B.
166 2025 196 2086 p.
222 2009 284 2069 948

197 2108 277 2178 δέξαι
302 2133 338 2192 με
360 2107 548 2193 κωμάζοντα,
574 2109 662 2188 δέξαι,
688 2107 829 2193 λίσσομαί
852 2132 895 2189 σε,
919 2108 1059 2192 λίσσομαι

107 2213 182 2280 Non
204 2221 273 2279 tam
297 2214 412 2280 deinde
436 2233 475 2279 ex
497 2216 575 2296 hoc,
600 2232 695 2294 quam
719 2233 757 2278 ex
779 2213 906 2298 vulgari
928 2214 1090 2280 hominnm
1114 2231 1188 2281 con-

102 2320 276 2386 suetudine
299 2325 415 2402 poetae
439 2319 553 2384 comici
582 2319 746 2400 excepisse
771 2319 854 2383 hunc
886 2337 1008 2384 morem
1030 2319 1189 2386 videntur.

103 2427 212 2507 Atque
235 2425 320 2506 apud
345 2423 578 2489 Alexandrinos
606 2441 731 2504 quoque
754 2429 868 2504 poetas
890 2423 1014 2490 usitata
1038 2443 1109 2491 esse
1132 2444 1189 2506 pa-

101 2529 351 2610 raclansithyra‚
377 2535 409 2594 et
431 2528 525 2593 huius
549 2528 681 2612 generis
694 2527 818 2594 indoles
841 2533 939 2610 atque
962 2527 1093 2595 habitus
1116 2548 1188 2594 cnm

102 2635 241 2699 istorum
274 2633 383 2714 poesis
417 2632 546 2718 ingenio
578 2638 677 2714 atque
708 2651 824 2714 sapore
847 2631 930 2698 bene
954 2652 1134 2718 congruens
1157 2639 1191 2699 et

104 2739 344 2822 epigrammata
372 2738 429 2803 illa
453 2757 550 2819 supra
573 2737 674 2803 allata
697 2737 920 2804 demonstrare
943 2738 1102 2805 videntur.
1147 2739 1190 2804 Et

103 2843 259 2926 fortasse,
284 2843 368 2924 quod
393 2843 523 2924 saepius
546 2841 654 2908 facere
678 2840 844 2924 solebant,
867 2843 927 2908 hac
952 2862 1077 2924 quoque
1099 2842 1190 2909 inre

106 2949 207 3014 etiam
248 2954 365 3030 poetae
409 2947 618 3014 Alexandrini
666 2947 835 3029 popularia
882 2949 1025 3014 carmina
1067 2947 1188 3012 imitati

104 3059 191 3120 sunt.
238 3053 324 3130 Quos
348 3073 422 3119 num
444 3053 553 3118 Latini
584 3058 700 3134 poetae
725 3053 823 3118 etiam
846 3053 879 3118 in
901 3052 1190 3134 paraclausithyris

105 3159 260 3224 canendis
291 3159 394 3225 secuti
426 3159 508 3240 sint,
544 3176 607 3223 non
641 3158 736 3239 plane
760 3158 878 3241 liquet,
912 3177 950 3223 ex
973 3157 1189 3222 Romanorum

105 3283 183 3331 vero
206 3270 375 3346 poetarum
398 3269 555 3330 concentu
583 3263 640 3328 illa
675 3281 800 3345 quoque
824 3263 966 3327 carmina
990 3281 1029 3328 ex
1051 3262 1189 3327 Alexan-

107 3369 210 3436 drinis
233 3369 338 3450 poetis
360 3367 507 3450 profecta
531 3387 603 3435 6666
644 3386 716 3433 cum
749 3367 858 3449 aliqua
889 3365 1189 3432 verisimilitudine

109 3613 137 3666 Π
156 3616 189 3681 7,
208 3616 243 3668 90
262 3630 316 3682 sq,
342 3612 377 3668 cf.
396 3614 479 3668 etiam
497 3612 590 3668 Plauti
611 3608 818 3680 Amphitruonis
847 3606 899 3676 111.
918 3609 935 3660 4
954 3607 982 3660 in
1001 3605 1066 3662 edit.
1085 3605 1191 3662 Goctaii

105 3709 134 3757 et
155 3702 258 3758 Loewii
278 3720 304 3772 p.
325 3705 390 3771 115,
424 3711 451 3757 61
470 3702 589 3758 fortasse
616 3700 772 3756 61161166
801 3703 843 3752 est
863 3697 891 3750 in
909 3694 1010 3750 Lucilii
1029 3695 1190 3765 fragmento,

107 3792 180 3861 quod
199 3793 272 3861 apud
291 3793 496 3847 Lachmanuum
515 3801 556 3847 661
574 3809 597 3846 v.
618 3793 671 3846 824
690 3804 728 3857 sq.

181 3881 207 3950 l)
226 3897 280 3936 uon
299 3882 352 3936 huc
370 3883 497 3951 pertinet,
519 3881 591 3950 quod
608 3880 689 3948 vulgo
702 3879 796 3945 citant,
816 3875 999 3931 catullianum
1018 3890 1127 3930 carmen
1146 3878 1190 3930 67.

108 3970 279 4038 singularem
299 3971 417 4025 colorem
435 3969 674 4039 paraclausithyro
693 3983 742 4022 suo
762 3965 877 4021 adscivit
890 3964 1017 4019 Tibullus
1036 3965 1109 4018 iuter
1127 3980 1190 4018 con·

108 4059 207 4113 rivium
217 4060 377 4115 recordatus
388 4059 527 4129 temporis,
547 4074 599 4126 quo
618 4063 681 4112 ante
692 4057 812 4110 clausam
822 4055 931 4123 puellae
941 4053 1049 4108 ianuam
1060 4053 1191 4109 stetisset.

179 4149 206 4217 2)
225 4147 258 4204 de
277 4149 353 4204 verbi
372 4156 462 4220 κῶμος
480 4147 585 4215 origine
609 4146 753 4215 disputans
772 4160 828 4198 rem
848 4158 899 4196 acu
917 4142 1010 4210 tetigit
1027 4142 1190 4198 Welckerus

110 4237 144 4292 ad
164 4238 362 4294 Philostratum
382 4257 407 4308 p.
426 4243 477 4293 202
497 4252 554 4307 sqq.
576 4269 607 4276 -
627 4238 788 4290 Amatornm
807 4240 917 4286 caterva
936 4248 989 4300 quo
1008 4231 1088 4287 modo
1108 4233 1190 4300 impe·

109 4334 167 4383 111
185 4329 283 4383 fecerit
301 4331 330 4382 in
348 4330 457 4397 puellae
467 4329 584 4394 ianuam,
604 4327 713 4395 copiose
731 4330 827 4378 narrat
837 4321 975 4375 Lucienus
992 4321 1035 4376 bis
1045 4337 1134 4376 aecus.
1145 4325 1187 4378 31.
