2806 4808
781 311 820 372 48

247 490 354 548 tinam
382 487 534 563 artesque
572 486 731 563 exponunt
744 480 786 562 ¹);
829 482 922 548 modo
958 480 1130 567 imaginem
1170 483 1325 565 Cupidinis

247 587 456 669 contemplati
478 585 665 653 describunt
678 585 724 668 2);
750 587 844 652 modo
867 587 1018 670 artifices,
1042 589 1095 669 qui
1120 589 1245 654 Amoris
1268 589 1324 655 ior-

247 713 333 760 mam
356 696 702 776 repraesentaverunt,
735 696 790 756 aut
813 690 852 757 ob
876 691 1020 773 perfecte
1044 698 1192 759 exactam
1214 693 1324 760 verita·

249 805 315 864 tem
336 796 487 864 laudibus
510 796 682 878 extollunt,
714 802 770 860 aut
791 802 827 860 ut
851 796 903 862 dei
925 814 1021 863 verae
1044 802 1181 863 naturae
1202 798 1325 883 ignaros

247 906 452 986 vituperant3
477 902 570 968 modo
583 899 709 966 Amoris
731 901 794 966 vim
818 906 915 982 atque
936 902 1088 984 impetum
1113 903 1326 970 lnevitabilem

247 1009 474 1075 demonstrant
497 1007 550 1073 dci
574 1025 663 1070 arma
685 1004 815 1086 telaque
839 1006 966 1090 singula
988 1004 1095 1073 verbis
1110 1008 1325 1095 depingentes.

335 1113 425 1178 Haec
460 1111 523 1177 duo
554 1116 762 1196 argumenta,
797 1129 879 1192 quae
918 1111 1030 1177 ultimo
1058 1113 1129 1178 loco
1160 1115 1326 1196 posuimus

248 1219 334 1285 unde
348 1218 543 1300 sumpserint
555 1221 682 1298 poetae,
705 1216 791 1281 haud
815 1216 937 1281 inutilis
960 1223 1011 1282 est
1026 1215 1228 1285 deliberatio.
1276 1221 1326 1283 nt-

250 1344 311 1406 que
334 1324 473 1405 primum
496 1321 624 1404 quidem
645 1321 834 1404 Propertius
857 1323 904 1386 III
930 1327 968 1387 12
993 1321 1126 1404 artifice,
1162 1325 1215 1404 qui
1239 1326 1325 1389 Amo·
1374 1395 1375 1418 ,

248 1429 295 1494 ris
318 1427 454 1495 formam
478 1427 619 1511 imagine
644 1428 857 1509 expresserit,
893 1426 1026 1493 laudato
1050 1427 1146 1494 deum
1169 1428 1326 1510 describit,

250 1534 378 1615 qualem
407 1538 479 1600 arte
513 1532 676 1613 depictum
697 1532 808 1598 videre
831 1532 943 1597 solitus
966 1539 1025 1597 est.
1071 1534 1281 1601 Inveniuntur
1300 1534 1327 1598 in

252 1639 383 1705 eroticis
395 1638 535 1719 scriptis,
559 1656 641 1719 quac
653 1642 730 1718 apte
742 1637 794 1700 hic
806 1635 944 1702 conferri
960 1638 1084 1720 possint
1097 1635 1133 1722 ³),
1158 1639 1216 1706 scd
1228 1640 1327 1726 gravi·

250 1762 323 1809 ores
347 1748 430 1822 sunt,
455 1759 589 1822 quorum
617 1740 757 1806 fortasse
780 1740 850 1822 ipse
872 1741 1060 1823 Propertius
1082 1762 1146 1808 non
1168 1744 1328 1811 immemor

252 1847 322 1928 fuit,
346 1843 464 1911 Eubuli
485 1863 598 1910 versus
622 1846 707 1927 apud
719 1846 921 1911 Athenaeum
937 1847 1015 1911 XIII
1037 1867 1066 1929 p.
1084 1853 1146 1913 562
1171 1849 1327 1933 (Meineke

253 1951 365 2018 comici
388 1951 437 2015 III
459 1970 489 2032 p.
515 1944 591 2032 226)
615 1949 740 2032 pridem
763 1970 835 2017 cum
857 1950 918 2016 hac
942 1951 1048 2038 elegia
1071 1954 1253 2035 comparati

335 2055 378 2128 τίς
400 2055 436 2140 ἦν
461 2055 476 2116 ὁ
499 2052 615 2140 γράψας
638 2060 753 2139 πρῶτος
776 2054 944 2139 ἀνθρώπων
969 2053 1027 2140 ἄρα

334 2165 354 2246 ἢ
378 2161 629 2246 κηροπλαστήσας
644 2153 766 2244 Ἔρωθ’
789 2159 967 2246 ὑπόπτερονς

337 2269 378 2338 ὡς
401 2263 486 2329 οὐδὲν
509 2266 577 2350 ἤδει
599 2264 675 2350 πλὴν
698 2267 854 2351 χελιδόνας
877 2265 1000 2351 γράφειν

337 2371 402 2435 ἀλλ’
425 2371 462 2456 ἦν
486 2369 606 2456 ἄπειρος
629 2375 687 2434 τῶν
710 2372 826 2456 τρόπων
850 2375 908 2434 τῶν
931 2375 983 2434 τοῦ
1006 2373 1079 2436 θεοῦ
1103 2422 1109 2436 .
1136 2422 1142 2437 .
1168 2423 1175 2436 .

338 2475 413 2540 ἔστιν
438 2475 494 2561 γὰρ
518 2474 585 2539 οὔτε
606 2480 718 2563 κοῦφος
741 2475 808 2540 οὔτε
831 2475 930 2562 ’ρᾴδιος

337 2581 547 2666 ἀπαλλαγῆναι
569 2587 611 2667 τῷ
634 2582 753 2667 φέροντι
774 2581 826 2666 τὴν
849 2583 935 2645 νόσον

337 2684 428 2772 βαρὺς
452 2685 485 2748 δὲ
507 2689 635 2772 κομιῦᾐ·
659 2691 723 2758 πῶς
744 2685 778 2750 dv
802 2687 852 2750 οὖν
875 2685 941 2773 ἔχοι
963 2684 1057 2772 πτερὰ

338 2795 454 2855 τοιοῦτο
478 2794 619 2876 aprinum,
643 2794 743 2877 λῆρος,
768 2793 793 2855 εἰ
816 2790 938 2878 κᾶφησέ
959 2816 1011 2872 τις,

254 2913 446 2978 quamquam
468 2897 521 2963 hic
543 2897 576 2961 in
599 2896 740 2964 artifices
754 2898 914 2964 invehitur
936 2902 1043 2980 poeta,
1066 2896 1254 2978 Propertius
1280 2913 1331 2962 eos

361 3100 475 3174 ὀρθρινὸς
494 3102 523 3156 ἐκ
543 3103 630 3176 κοίτης
649 3102 726 3176 ᾤχετ’
745 3103 927 3174 ἀποπτάμενος,
1043 3175 1046 3179 ι

254 3191 359 3260 dequo
378 3189 439 3246 vide
457 3189 570 3263 Dilthey
589 3191 644 3246 ind.
663 3193 726 3248 lect.
746 3190 866 3261 Gotting.
888 3195 956 3246 1878
966 3207 992 3260 p.
1004 3194 1019 3247 3
1031 3206 1069 3261 sq.
1107 3190 1240 3246 Maiorem
1252 3192 1332 3246 etiam

251 3280 367 3349 gloriam
386 3285 483 3336 nactus
501 3287 543 3335 est
562 3281 707 3350 Moschus,
735 3281 781 3349 qui
806 3281 834 3335 in
862 3281 957 3350 idylli0
981 3280 1008 3335 11
1032 3281 1120 3350 (anth.
1139 3280 1197 3335 Pal.
1216 3281 1255 3334 IX
1272 3280 1334 3348 440)

254 3369 388 3425 Venerem
406 3369 538 3426 describit
547 3372 674 3427 Amorem
694 3370 823 3426 amissum
833 3377 1007 3438 quaerentem
1020 3377 1102 3438 atque
1112 3370 1333 3438 proclamantem,
1376 3369 1378 3388 ¹

251 3475 281 3516 oe
300 3461 419 3530 pretium
438 3460 561 3516 osculum
580 3460 707 3516 daturam
726 3475 787 3516 esse
805 3461 839 3528 ei,
859 3461 905 3529 qui
924 3459 977 3515 sibi
995 3461 1112 3530 vestigia
1129 3460 1207 3516 filioli
1227 3460 1333 3517 demon·

253 3557 330 3619 stret,
350 3550 421 3620 quod
441 3550 579 3620 expressit
598 3551 712 3606 Nicetes
729 3549 833 3619 Eugen.
852 3550 891 3605 IV
911 3552 961 3605 155
980 3567 1038 3622 sqq.

325 3641 352 3711 1)
370 3640 510 3710 Meleager
528 3641 603 3695 aoth.
623 3639 681 3696 Pal.
700 3640 725 3695 V
744 3643 796 3696 178

357 3727 502 3792 καλείσθω,
521 3730 564 3783 καὶ
583 3727 679 3802 ματρὸς
697 3728 732 3782 ἔτ’
751 3729 776 3782 ἐν
795 3729 908 3784 κόλποισι
926 3729 1059 3784 καθεύδων
1083 3730 1127 3784 κτὲ

250 3817 285 3874 cl.
312 3817 395 3874 etlam
421 3819 585 3874 Anacreont.
613 3820 646 3872 10
664 3818 730 3890 (77).
774 3820 815 3874 Ι)ε
834 3819 943 3874 Amoris
968 3819 1074 3874 venalis
1105 3819 1269 3887 imaginibus
1298 3819 1331 3874 cl.

248 3907 321 3964 Jahn
337 3907 473 3964 archaeol.
490 3907 634 3978 Beitraege
652 3923 678 3977 p.
689 3911 739 3962 211
755 3923 823 3978 sqq,
841 3908 1105 3964 Mueller-Wieseler
1116 3907 1300 3965 Denlrmaeler
1310 3909 1333 3962 Il

251 4015 276 4054 n.
296 3998 357 4066 libo,
376 3995 476 4066 llalbig
494 3995 738 4067 Uuterauchungen
757 4013 782 4066 p.
803 4001 855 4052 237
873 4003 942 4054 extr.

320 4087 349 4156 2)
368 4085 497 4143 Philostr.
528 4086 607 4156 imag.
626 4087 689 4156 16,
718 4087 869 4144 Callistrat.
889 4089 981 4158 ecphr.
1001 4092 1033 4156 3,
1060 4089 1094 4144 cf.
1114 4091 1243 4145 Eustath.
1263 4092 1290 4145 11
1317 4093 1332 4146 7

248 4177 288 4248 (p.
310 4177 359 4232 174
379 4175 521 4248 Horcher).

323 4267 350 4338 3)
369 4267 486 4338 exempli
505 4267 596 4336 gratia
615 4266 649 4322 cl.
669 4267 843 4324 Charitonem
861 4269 900 4324 IV
918 4273 942 4338 7,
961 4271 986 4324 6.
