2806 4808
705 303 746 363 38

187 473 387 555 deprendere
410 490 472 536 non
495 476 635 537 cunctor.
684 471 812 553 Optime
846 470 931 536 enim
951 467 1091 550 quadrat
1114 487 1186 535 cum
1207 468 1278 534 La·

186 579 254 645 tino
276 582 374 660 poeta
396 575 602 641 Philodemus
625 577 713 642 anth.
736 577 796 642 Pal
817 576 846 644 V
868 581 898 658 4,
923 580 942 639 5

473 677 508 743 σὺ
533 681 570 760 δ’,
596 681 620 743 ὦ
644 678 839 765 φιλεράστρια
861 677 993 763 11111111),

273 783 333 866 ἤδη
355 789 409 868 τῆς
432 783 556 869 Παφίης
578 782 642 848 ἴσθι
664 783 701 848 τὰ
723 786 887 870 λειπόμενα
919 867 922 874 Ι

190 886 230 953 cf.
254 887 480 970 Asclepiadem
502 890 590 954 anth.
614 890 682 955 Pal.
706 889 736 956 V
759 895 839 975 181,
865 893 903 954 12
928 894 961 955 et
978 886 1122 969 Ticidae,
1146 887 1201 968 qni
1220 906 1282 968 ap-

191 992 316 1059 tissime
340 1013 411 1060 cum
434 995 659 1062 Alexandrinis
683 996 836 1062 cohaeret
855 1000 983 1078 poetae,
1006 993 1227 1079 fragmentum
1247 993 1286 1058 Π

191 1097 341 1182 (Mueller
362 1118 393 1182 p.
419 1103 473 1178 93)

380 1203 490 1270 felix
511 1203 675 1270 lectule
697 1203 818 1272 tahbua

381 1308 450 1374 sole
472 1307 645 1374 amoribus.

279 1412 369 1478 Haec
390 1411 506 1496 habui,
538 1431 620 1494 quae
643 1412 683 1478 de
707 1411 887 1497 elegiarum
908 1412 1038 1478 illarum
1059 1412 1160 1479 trium
1183 1433 1283 1498 argu·

192 1517 309 1583 mentis
333 1516 484 1599 dicerem,
507 1517 595 1583 haud
609 1517 773 1602 ignorans,
798 1517 998 1584 collectanea
1014 1537 1088 1584 mea
1102 1536 1200 1600 posse
1225 1538 1282 1586 au-

193 1621 265 1706 geri
284 1640 322 1686 ex
345 1621 402 1704 eis,
427 1640 508 1703 quae
531 1622 727 1703 interpretes
745 1628 925 1705 poetarum,
949 1622 990 1688 de
1014 1621 1128 1704 quibus
1142 1624 1283 1709 agimus,

192 1727 366 1809 praecipue
389 1724 560 1792 Jacohsius
584 1732 680 1809 atque
703 1727 915 1810 Burmannus,
938 1728 1151 1794 contulerunt.
1198 1730 1283 1796 Con-

194 1836 261 1898 stat
283 1832 401 1916 igitur,
434 1830 531 1914 illud,
563 1831 763 1913 quodmodo
787 1832 1019 1915 tractavimus,
1054 1840 1285 1918 argumentum

195 1934 408 2004 veterioribus
426 1937 531 2017 poetis
551 1936 686 2002 Graecis
708 1935 790 2002 bene
813 1937 878 2002 iam
901 1937 1065 2021 cognitum
1086 1943 1185 2019 atque
1208 1957 1284 2005 sae-

193 2041 326 2125 pissime
357 2046 535 2108 tractatum
556 2041 676 2124 fuisse,
699 2042 746 2108 ita
768 2047 815 2124 ut,
838 2061 895 2108 cur
917 2042 1061 2108 carmina
1082 2043 1140 2109 illa
1163 2043 1285 2110 Latina

195 2146 338 2214 aPaulo
362 2165 515 2228 expressa
538 2165 610 2212 esse
623 2145 647 2230 2)
672 2147 912 2231 existimemus,
940 2167 1038 2216 cansa
1061 2167 1125 2214 non
1147 2149 1191 2214 sit
1213 2149 1285 2216 nlla

194 2249 382 2336 probabilis.
1124 2245 1127 2250 ’

281 2358 370 2424 Inter
392 2363 502 2422 omnes
525 2356 689 2438 Propertii
712 2357 835 2442 elegias
859 2375 931 2423 cum
953 2358 1115 2440 nesciam,
1148 2377 1189 2424 an
1212 2358 1284 2444 illa,

196 2481 279 2546 quae
302 2461 422 2548 legitur
454 2462 503 2526 HI
526 2466 586 2545 29,
621 2463 758 2528 maxime
790 2462 1078 2528 Alexandrinorum
1110 2468 1286 2545 poetarum

194 2567 360 2653 ingenium
382 2566 498 2650 sapiat,
523 2566 694 2633 dolendum
717 2572 785 2650 est,
819 2568 904 2648 quod
925 2587 989 2632 non
1008 2568 1043 2632 in
1066 2568 1164 2634 certis
1186 2569 1284 2634 testi-

195 2672 309 2738 moniis
326 2671 480 2737 iudicium
501 2671 590 2755 illud,
617 2671 729 2738 sedin
752 2691 848 2740 sensu
869 2673 1073 2754 potissimum
1096 2678 1206 2740 nostro
1229 2677 1284 2740 to-

194 2778 323 2860 tiusque
352 2776 478 2861 elegiae
510 2777 617 2842 colore
640 2782 739 2858 atque
770 2796 890 2862 genere
913 2778 1054 2859 positum
1076 2781 1144 2843 est:
1182 2782 1284 2860 poeta

196 2903 214 2950 e
238 2882 434 2948 convivio
456 2880 628 2947 rediens
651 2878 869 2948 Amoribus
892 2882 1104 2964 occurrit,
1129 2882 1184 2963 qui
1205 2901 1281 2948 ver-

194 2988 246 3054 bis
270 3007 343 3054 eum
365 2987 544 3072 castigant,
574 2986 658 3068 quod
680 2993 777 3053 noctu
799 2992 970 3072 grassatus
988 2987 1022 3051 in
1044 2985 1173 3069 pubhoo
1197 2987 1282 3070 Cyn-

194 3095 295 3177 thiae,
318 3091 402 3158 fidae
422 3092 560 3176 puellae,
577 3090 795 3158 obliviscatur.
842 3092 939 3158 Cuius
958 3092 1094 3177 elegiae,
1112 3091 1284 3172 proprium

196 3205 263 3283 est,
296 3197 380 3280 quod
411 3203 560 3262 eventum
595 3195 769 3280 symbohce
807 3195 917 3263 fictum
948 3203 1045 3279 atque
1082 3196 1283 3282 cogitatione

195 3310 322 3371 tantum
345 3301 507 3383 depictum
528 3301 704 3387 (φαντασίαν
730 3302 848 3368 Graeci
870 3303 1016 3386 vocant),
1050 3303 1203 3368 Amorum
1226 3319 1282 3368 oc·

196 3428 325 3477 cursum
352 3413 543 3475 nocturnum
565 3407 727 3490 Propertii
749 3426 846 3474 verae
875 3408 962 3475 vitae
993 3409 1044 3474 vel
1075 3408 1183 3489 potius
1206 3425 1281 3488 spe-

196 3515 257 3581 ciei
286 3533 384 3580 verae
412 3512 498 3579 vitae
521 3510 636 3578 inserit
647 3509 683 3595 ³).
728 3512 884 3580 Eiusdem
911 3512 1041 3598 generis
1065 3517 1281 3578 commentum
1379 3573 1380 3576 ,

198 3663 404 3670 μ-φ--κ--η

275 3739 303 3808 1)
323 3737 409 3794 codex
431 3737 580 3812 qdepdoapr'
599 3737 702 3803 ἅααιτις,
721 3736 794 3807 quod
812 3737 989 3794 emendarunt
1007 3737 1077 3794 Guil.
1089 3737 1238 3794 Schneider
1256 3746 1285 3794 et

194 3827 315 3896 Lennep.
336 3857 368 3867 -
388 3827 528 3883 Martialis
546 3828 573 3882 X
592 3831 634 3896 38,
654 3831 671 3882 4
690 3845 748 3898 sqq.
768 3827 849 3884 simul
868 3843 902 3883 ex
921 3827 1067 3899 Propertio
1086 3834 1113 3884 et
1132 3843 1166 3884 ex
1186 3834 1279 3886 auoto-

194 3919 271 3976 ribus
290 3915 404 3974 Graecis
422 3916 542 3986 pendere
559 3917 675 3974 videtur.

268 4008 296 4078 2)
315 4006 376 4062 vide
393 4004 566 4062 Huschkium
585 4006 665 4075 epist.
686 4006 746 4062 erit.
766 4022 793 4075 p.
813 4008 855 4061 37.

267 4099 295 4168 3)
315 4096 414 4154 similia
441 4094 549 4164 quidem
571 4095 626 4150 iam
646 4093 720 4164 apud
737 4101 844 4152 veteres
865 4100 961 4164 poetas
980 4094 1083 4168 lyricos
1103 4095 1282 4153 (1111111111-

194 4192 305 4259 guntur.
342 4185 477 4254 Exempla
502 4184 618 4241 contulit
633 4185 840 4254 Furtwaengler
856 4183 928 4242 Eros
952 4185 981 4240 in
1007 4185 1056 4241 der
1069 4185 1283 4257 Vasenmalerei,

195 4276 360 4349 (Muenohen
380 4273 460 4344 1874)
486 4289 513 4343 p.
533 4275 549 4329 6
570 4288 609 4344 sq.
647 4271 742 4344 Neque
766 4281 857 4331 tamen
875 4281 931 4330 tam
949 4275 1079 4345 proprios
1097 4277 1283 4346 compluresve
